@article{maheswaran1990influence,
  title={The influence of message framing and issue involvement},
  author={Maheswaran, Durairaj and Meyers-Levy, Joan},
  journal={Journal of Marketing research},
  pages={361--367},
  year={1990},
  publisher={JSTOR}
}
@inproceedings{BaumerKFAGPRNOG12,
  author    = {Eric P. S. Baumer and
               Sherri Jean Katz and
               Jill E. Freeman and
               Phil Adams and
               Amy L. Gonzales and
               John P. Pollak and
               Daniela Retelny and
               Jeff Niederdeppe and
               Christine M. Olson and
               Geri K. Gay},
  title     = {Prescriptive persuasion and open-ended social awareness: expanding
               the design space of mobile health},
  booktitle = {{CSCW} '12 Computer Supported Cooperative Work, Seattle, WA, USA,
               February 11-15, 2012},
  pages     = {475--484},
  year      = {2012},
  crossref  = {DBLP:conf/cscw/2012c},
  url       = {http://doi.acm.org/10.1145/2145204.2145279},
  doi       = {10.1145/2145204.2145279},
  timestamp = {Mon, 20 Feb 2012 18:27:49 +0100},
  biburl    = {https://dblp.org/rec/bib/conf/cscw/BaumerKFAGPRNOG12},
  bibsource = {dblp computer science bibliography, https://dblp.org}
}
@inproceedings{dey2017art,
  title={The Art and Science of Persuasion: Not All Crowdfunding Campaign Videos Are The Same},
  author={Dey, Sanorita and Duff, Brittany and Karahalios, Karrie and Fu, Wai-Tat},
  booktitle={Proceedings of the 2017 ACM Conference on Computer Supported Cooperative Work and Social Computing},
  pages={755--769},
  year={2017},
  organization={ACM}
}

@inproceedings{LeeKF11,
  author    = {Min Kyung Lee and
               Sara B. Kiesler and
               Jodi Forlizzi},
  title     = {Mining behavioral economics to design persuasive technology for healthy
               choices},
  booktitle = {Proceedings of the International Conference on Human Factors in Computing
               Systems, {CHI} 2011, Vancouver, BC, Canada, May 7-12, 2011},
  pages     = {325--334},
  year      = {2011},
  crossref  = {DBLP:conf/chi/2011},
  url       = {http://doi.acm.org/10.1145/1978942.1978989},
  doi       = {10.1145/1978942.1978989},
  timestamp = {Wed, 11 May 2011 10:43:31 +0200},
  biburl    = {https://dblp.org/rec/bib/conf/chi/LeeKF11},
  bibsource = {dblp computer science bibliography, https://dblp.org}
}

@inproceedings{brown2006reflecting,
  title={Reflecting on health: a system for students to monitor diet and exercise},
  author={Brown, Brandon and Chetty, Marshini and Grimes, Andrea and Harmon, Ellie},
  booktitle={CHI'06 extended abstracts on Human factors in computing systems},
  pages={1807--1812},
  year={2006},
  organization={ACM}
}
@inproceedings{grimes2007designing,
  title={Designing persuasion: Health technology for low-income African American communities},
  author={Grimes, Andrea and Grinter, Rebecca E},
  booktitle={International Conference on Persuasive Technology},
  pages={24--35},
  year={2007},
  organization={Springer}
}
@article{goldstein2008room,
  title={A room with a viewpoint: Using social norms to motivate environmental conservation in hotels},
  author={Goldstein, Noah J and Cialdini, Robert B and Griskevicius, Vladas},
  journal={Journal of consumer Research},
  volume={35},
  number={3},
  pages={472--482},
  year={2008},
  publisher={Oxford University Pr
  ess}
}
@article{goehlert1980information,
  title={Information, persuasion and freedom: Implications of communications technology},
  author={Goehlert, Robert},
  journal={Information Processing \& Management},
  volume={16},
  number={2},
  pages={109--114},
  year={1980},
  publisher={Elsevier}
}
@inproceedings{chi2007enabling,
  title={Enabling nutrition-aware cooking in a smart kitchen},
  author={Chi, Pei-yu and Chen, Jen-hao and Chu, Hao-hua and Chen, Bing-Yu},
  booktitle={Conference on Human Factors in Computing Systems: CHI'07 extended abstracts on Human factors in computing systems},
  volume={28},
  pages={2333--2338},
  year={2007}
}
@inproceedings{arroyo2005waterbot,
  title={Waterbot: exploring feedback and persuasive techniques at the sink},
  author={Arroyo, Ernesto and Bonanni, Leonardo and Selker, Ted},
  booktitle={Proceedings of the SIGCHI conference on Human factors in computing systems},
  pages={631--639},
  year={2005},
  organization={ACM}
}
@inproceedings{liao2014expert,
  title={Expert voices in echo chambers: effects of source expertise indicators on exposure to diverse opinions},
  author={Liao, Q Vera and Fu, Wai-Tat},
  booktitle={Proceedings of the SIGCHI Conference on Human Factors in Computing Systems},
  pages={2745--2754},
  year={2014},
  organization={ACM}
}
@article{vaish2018s,
  title={Whatâ€™s in it for me? Self-serving versus other-oriented framing in messages advocating use of prosocial peer-to-peer services},
  author={Vaish, Rajan and Liao, Q Vera and Bellotti, Victoria},
  journal={International Journal of Human-Computer Studies},
  volume={109},
  pages={1--12},
  year={2018},
  publisher={Elsevier}
}
@inproceedings{schneider2016understanding,
  title={Understanding the mechanics of persuasive system design: a mixed-method theory-driven analysis of freeletics},
  author={Schneider, Hanna and Moser, Kilian and Butz, Andreas and Alt, Florian},
  booktitle={Proceedings of the 2016 CHI Conference on Human Factors in Computing Systems},
  pages={309--320},
  year={2016},
  organization={ACM}
}
@article{orji2014developing,
  title={Developing culturally relevant design guidelines for encouraging healthy eating behavior},
  author={Orji, Rita and Mandryk, Regan L},
  journal={International Journal of Human-Computer Studies},
  volume={72},
  number={2},
  pages={207--223},
  year={2014},
  publisher={Elsevier}
}

@inproceedings{nguyen2008designing,
  title={Designing persuasive dialogue systems: Using argumentation with care},
  author={Nguyen, Hien and Masthoff, Judith},
  booktitle={International Conference on Persuasive Technology},
  pages={201--212},
  year={2008},
  organization={Springer}
}
@inproceedings{kang2015adaptive,
  title={An Adaptive Computational Model for Personalized Persuasion.},
  author={Kang, Yilin and Tan, Ah-Hwee and Miao, Chunyan},
  booktitle={IJCAI},
  pages={61--67},
  year={2015}
}
@article{huntertowards,
  title={Towards a framework for computational persuasion with applications in behaviour change},
  author={Hunter, Anthony},
  journal={Argument \& Computation},
  number={Preprint},
  pages={1--26},
  publisher={IOS Press}
}
