%% This BibTeX bibliography file was created using BibDesk.
%% http://bibdesk.sourceforge.net/


%% Created for Hari Sundaram at 2018-04-12 15:39:54 -0500 


%% Saved with string encoding Unicode (UTF-8) 



@article{Salvatier2016,
	Abstract = {
            Probabilistic programming allows for automatic Bayesian inference on user-defined probabilistic models. Recent advances in Markov chain Monte Carlo (MCMC) sampling allow inference on increasingly complex models. This class of MCMC, known as Hamiltonian Monte Carlo, requires gradient information which is often not readily available. PyMC3 is a new open source probabilistic programming framework written in Python that uses Theano to compute gradients via automatic differentiation as well as compile probabilistic programs on-the-fly to C for increased speed. Contrary to other probabilistic programming languages, PyMC3 allows model specification directly in Python code. The lack of a domain specific language allows for great flexibility and direct interaction with the model. This paper is a tutorial-style introduction to this software package.
         },
	Author = {Salvatier, John and Wiecki, Thomas V. and Fonnesbeck, Christopher},
	Date-Added = {2018-04-12 20:39:53 +0000},
	Date-Modified = {2018-04-12 20:39:53 +0000},
	Doi = {10.7717/peerj-cs.55},
	Issn = {2376-5992},
	Journal = {PeerJ Computer Science},
	Keywords = {project:iot, Bayesian statistic, Probabilistic Programming, Python, Markov chain Monte Carlo, Statistical modeling},
	Month = apr,
	Pages = {e55},
	Title = {Probabilistic programming in Python using PyMC3},
	Url = {https://doi.org/10.7717/peerj-cs.55},
	Volume = 2,
	Year = 2016,
	Bdsk-File-1 = {YnBsaXN0MDDUAQIDBAUGJCVYJHZlcnNpb25YJG9iamVjdHNZJGFyY2hpdmVyVCR0b3ASAAGGoKgHCBMUFRYaIVUkbnVsbNMJCgsMDxJXTlMua2V5c1pOUy5vYmplY3RzViRjbGFzc6INDoACgAOiEBGABIAFgAdccmVsYXRpdmVQYXRoWWFsaWFzRGF0YV8QdC4uLy4uLy4uLy4uLy4uL0Ryb3Bib3gvV29yay9QYXBlcnMgdG8gUmVhZC9bcF0gc2FsdmF0aWVyLCAyMDE2IC0gcHJvYmFiaWxpc3RpYyBwcm9ncmFtbWluZyBpbiBweXRob24gdXNpbmcgcHltYzMucGRm0hcLGBlXTlMuZGF0YU8RAn4AAAAAAn4AAgAADE1hY2ludG9zaCBIRAAAAAAAAAAAAAAAAAAAAM+TcutIKwAAAAzQCx9bcF0gc2FsdmF0aWVyLCAyMDE2IzI0NzY3QzEucGRmAAAAAAAAAAAAAAAAAAAAAAAAAAAAAAAAAAAAAAAAAAACR2fB1E4DyAAAAAAAAAAAAAUABAAACSAAAAAAAAAAAAAAAAAAAAAOUGFwZXJzIHRvIFJlYWQAEAAIAADPk7k7AAAAEQAIAADUTlgoAAAAAQAUAAzQCwAMz+sADM6mAAxIswACZyUAAgBgTWFjaW50b3NoIEhEOlVzZXJzOgBoYXJpc3VuZGFyYW06AERyb3Bib3g6AFdvcms6AFBhcGVycyB0byBSZWFkOgBbcF0gc2FsdmF0aWVyLCAyMDE2IzI0NzY3QzEucGRmAA4AlABJAFsAcABdACAAcwBhAGwAdgBhAHQAaQBlAHIALAAgADIAMAAxADYAIAAtACAAcAByAG8AYgBhAGIAaQBsAGkAcwB0AGkAYwAgAHAAcgBvAGcAcgBhAG0AbQBpAG4AZwAgAGkAbgAgAHAAeQB0AGgAbwBuACAAdQBzAGkAbgBnACAAcAB5AG0AYwAzAC4AcABkAGYADwAaAAwATQBhAGMAaQBuAHQAbwBzAGgAIABIAEQAEgB4VXNlcnMvaGFyaXN1bmRhcmFtL0Ryb3Bib3gvV29yay9QYXBlcnMgdG8gUmVhZC9bcF0gc2FsdmF0aWVyLCAyMDE2IC0gcHJvYmFiaWxpc3RpYyBwcm9ncmFtbWluZyBpbiBweXRob24gdXNpbmcgcHltYzMucGRmABMAAS8AABUAAgAT//8AAIAG0hscHR5aJGNsYXNzbmFtZVgkY2xhc3Nlc11OU011dGFibGVEYXRhox0fIFZOU0RhdGFYTlNPYmplY3TSGxwiI1xOU0RpY3Rpb25hcnmiIiBfEA9OU0tleWVkQXJjaGl2ZXLRJidUcm9vdIABAAgAEQAaACMALQAyADcAQABGAE0AVQBgAGcAagBsAG4AcQBzAHUAdwCEAI4BBQEKARIDlAOWA5sDpgOvA70DwQPIA9ED1gPjA+YD+AP7BAAAAAAAAAACAQAAAAAAAAAoAAAAAAAAAAAAAAAAAAAEAg==},
	Bdsk-Url-1 = {https://doi.org/10.7717/peerj-cs.55},
	Bdsk-Url-2 = {http://dx.doi.org/10.7717/peerj-cs.55}}

@article{Kruschke2010,
	Author = {Kruschke, John K.},
	Date-Added = {2018-04-12 16:10:55 +0000},
	Date-Modified = {2018-04-12 16:10:55 +0000},
	Doi = {10.1002/wcs.72},
	Issn = {1939-5086},
	Journal = {Wiley Interdisciplinary Reviews: Cognitive Science},
	Keywords = {Bayesian Statistics},
	Number = {5},
	Pages = {658--676},
	Publisher = {John Wiley & Sons, Inc.},
	Title = {Bayesian data analysis},
	Url = {http://dx.doi.org/10.1002/wcs.72},
	Volume = {1},
	Year = {2010},
	Bdsk-File-1 = {YnBsaXN0MDDUAQIDBAUGJCVYJHZlcnNpb25YJG9iamVjdHNZJGFyY2hpdmVyVCR0b3ASAAGGoKgHCBMUFRYaIVUkbnVsbNMJCgsMDxJXTlMua2V5c1pOUy5vYmplY3RzViRjbGFzc6INDoACgAOiEBGABIAFgAdccmVsYXRpdmVQYXRoWWFsaWFzRGF0YV8QWi4uLy4uLy4uLy4uLy4uL0Ryb3Bib3gvV29yay9QYXBlcnMgdG8gUmVhZC9bcF0ga3J1c2Noa2UsIDIwMTAgLSBiYXllc2lhbiBkYXRhIGFuYWx5c2lzLnBkZtIXCxgZV05TLmRhdGFPEQIwAAAAAAIwAAIAAAxNYWNpbnRvc2ggSEQAAAAAAAAAAAAAAAAAAADPk3LrSCsAAAAM0AsfW3BdIGtydXNjaGtlLCAyMDEwICMyODAxRDJFLnBkZgAAAAAAAAAAAAAAAAAAAAAAAAAAAAAAAAAAAAAAAAAAAoAdLtTc/I8AAAAAAAAAAAAFAAQAAAkgAAAAAAAAAAAAAAAAAAAADlBhcGVycyB0byBSZWFkABAACAAAz5O5OwAAABEACAAA1N1Q7wAAAAEAFAAM0AsADM/rAAzOpgAMSLMAAmclAAIAYE1hY2ludG9zaCBIRDpVc2VyczoAaGFyaXN1bmRhcmFtOgBEcm9wYm94OgBXb3JrOgBQYXBlcnMgdG8gUmVhZDoAW3BdIGtydXNjaGtlLCAyMDEwICMyODAxRDJFLnBkZgAOAGAALwBbAHAAXQAgAGsAcgB1AHMAYwBoAGsAZQAsACAAMgAwADEAMAAgAC0AIABiAGEAeQBlAHMAaQBhAG4AIABkAGEAdABhACAAYQBuAGEAbAB5AHMAaQBzAC4AcABkAGYADwAaAAwATQBhAGMAaQBuAHQAbwBzAGgAIABIAEQAEgBeVXNlcnMvaGFyaXN1bmRhcmFtL0Ryb3Bib3gvV29yay9QYXBlcnMgdG8gUmVhZC9bcF0ga3J1c2Noa2UsIDIwMTAgLSBiYXllc2lhbiBkYXRhIGFuYWx5c2lzLnBkZgATAAEvAAAVAAIAE///AACABtIbHB0eWiRjbGFzc25hbWVYJGNsYXNzZXNdTlNNdXRhYmxlRGF0YaMdHyBWTlNEYXRhWE5TT2JqZWN00hscIiNcTlNEaWN0aW9uYXJ5oiIgXxAPTlNLZXllZEFyY2hpdmVy0SYnVHJvb3SAAQAIABEAGgAjAC0AMgA3AEAARgBNAFUAYABnAGoAbABuAHEAcwB1AHcAhACOAOsA8AD4AywDLgMzAz4DRwNVA1kDYANpA24DewN+A5ADkwOYAAAAAAAAAgEAAAAAAAAAKAAAAAAAAAAAAAAAAAAAA5o=},
	Bdsk-Url-1 = {http://dx.doi.org/10.1002/wcs.72}}

@article{Hoekstra2014,
	Author = {Hoekstra, Rink and Morey, Richard D and Rouder, Jeffrey N and Wagenmakers, Eric-Jan},
	Date-Added = {2018-04-12 16:10:41 +0000},
	Date-Modified = {2018-04-12 16:10:41 +0000},
	Journal = {Psychonomic bulletin \& review},
	Number = {5},
	Pages = {1157--1164},
	Publisher = {Springer},
	Title = {Robust misinterpretation of confidence intervals},
	Volume = {21},
	Year = {2014},
	Bdsk-File-1 = {YnBsaXN0MDDUAQIDBAUGJCVYJHZlcnNpb25YJG9iamVjdHNZJGFyY2hpdmVyVCR0b3ASAAGGoKgHCBMUFRYaIVUkbnVsbNMJCgsMDxJXTlMua2V5c1pOUy5vYmplY3RzViRjbGFzc6INDoACgAOiEBGABIAFgAdccmVsYXRpdmVQYXRoWWFsaWFzRGF0YV8QdC4uLy4uLy4uLy4uLy4uL0Ryb3Bib3gvV29yay9QYXBlcnMgdG8gUmVhZC9bcF0gaG9la3N0cmEsIDIwMTQgLSByb2J1c3QgbWlzaW50ZXJwcmV0YXRpb24gb2YgY29uZmlkZW5jZSBpbnRlcnZhbHMucGRm0hcLGBlXTlMuZGF0YU8RAn4AAAAAAn4AAgAADE1hY2ludG9zaCBIRAAAAAAAAAAAAAAAAAAAAM+TcutIKwAAAAzQCx9bcF0gaG9la3N0cmEsIDIwMTQgIzI4MDFCNUIucGRmAAAAAAAAAAAAAAAAAAAAAAAAAAAAAAAAAAAAAAAAAAACgBtb1Nz2WgAAAAAAAAAAAAUABAAACSAAAAAAAAAAAAAAAAAAAAAOUGFwZXJzIHRvIFJlYWQAEAAIAADPk7k7AAAAEQAIAADU3Uq6AAAAAQAUAAzQCwAMz+sADM6mAAxIswACZyUAAgBgTWFjaW50b3NoIEhEOlVzZXJzOgBoYXJpc3VuZGFyYW06AERyb3Bib3g6AFdvcms6AFBhcGVycyB0byBSZWFkOgBbcF0gaG9la3N0cmEsIDIwMTQgIzI4MDFCNUIucGRmAA4AlABJAFsAcABdACAAaABvAGUAawBzAHQAcgBhACwAIAAyADAAMQA0ACAALQAgAHIAbwBiAHUAcwB0ACAAbQBpAHMAaQBuAHQAZQByAHAAcgBlAHQAYQB0AGkAbwBuACAAbwBmACAAYwBvAG4AZgBpAGQAZQBuAGMAZQAgAGkAbgB0AGUAcgB2AGEAbABzAC4AcABkAGYADwAaAAwATQBhAGMAaQBuAHQAbwBzAGgAIABIAEQAEgB4VXNlcnMvaGFyaXN1bmRhcmFtL0Ryb3Bib3gvV29yay9QYXBlcnMgdG8gUmVhZC9bcF0gaG9la3N0cmEsIDIwMTQgLSByb2J1c3QgbWlzaW50ZXJwcmV0YXRpb24gb2YgY29uZmlkZW5jZSBpbnRlcnZhbHMucGRmABMAAS8AABUAAgAT//8AAIAG0hscHR5aJGNsYXNzbmFtZVgkY2xhc3Nlc11OU011dGFibGVEYXRhox0fIFZOU0RhdGFYTlNPYmplY3TSGxwiI1xOU0RpY3Rpb25hcnmiIiBfEA9OU0tleWVkQXJjaGl2ZXLRJidUcm9vdIABAAgAEQAaACMALQAyADcAQABGAE0AVQBgAGcAagBsAG4AcQBzAHUAdwCEAI4BBQEKARIDlAOWA5sDpgOvA70DwQPIA9ED1gPjA+YD+AP7BAAAAAAAAAACAQAAAAAAAAAoAAAAAAAAAAAAAAAAAAAEAg==}}

@inproceedings{Kay2016,
	Acmid = {2858465},
	Address = {New York, NY, USA},
	Author = {Kay, Matthew and Nelson, Gregory L. and Hekler, Eric B.},
	Booktitle = {Proceedings of the 2016 CHI Conference on Human Factors in Computing Systems},
	Date-Added = {2018-04-12 16:07:14 +0000},
	Date-Modified = {2018-04-12 16:07:14 +0000},
	Doi = {10.1145/2858036.2858465},
	Isbn = {978-1-4503-3362-7},
	Keywords = {bayesian statistics, effect size, estimation, meta-analysis, replication, small stud-ies, HCIQual, 2017},
	Location = {Santa Clara, California, USA},
	Numpages = {12},
	Pages = {4521--4532},
	Publisher = {ACM},
	Series = {CHI '16},
	Title = {Researcher-Centered Design of Statistics: Why Bayesian Statistics Better Fit the Culture and Incentives of HCI},
	Url = {http://doi.acm.org/10.1145/2858036.2858465},
	Year = {2016},
	Bdsk-File-1 = {YnBsaXN0MDDUAQIDBAUGJCVYJHZlcnNpb25YJG9iamVjdHNZJGFyY2hpdmVyVCR0b3ASAAGGoKgHCBMUFRYaIVUkbnVsbNMJCgsMDxJXTlMua2V5c1pOUy5vYmplY3RzViRjbGFzc6INDoACgAOiEBGABIAFgAdccmVsYXRpdmVQYXRoWWFsaWFzRGF0YV8QrC4uLy4uLy4uLy4uLy4uL0Ryb3Bib3gvV29yay9QYXBlcnMgdG8gUmVhZC9bcF0ga2F5LCAyMDE2IC0gcmVzZWFyY2hlci1jZW50ZXJlZCBkZXNpZ24gb2Ygc3RhdGlzdGljcyB3aHkgYmF5ZXNpYW4gc3RhdGlzdGljcyBiZXR0ZXIgZml0IHRoZSBjdWx0dXJlIGFuZCBpbmNlbnRpdmVzIG9mIGhjaS5wZGbSFwsYGVdOUy5kYXRhTxEDJgAAAAADJgACAAAMTWFjaW50b3NoIEhEAAAAAAAAAAAAAAAAAAAAz5Ny60grAAAADNALH1twXSBrYXksIDIwMTYgLSByZXMjMjdGRDUzOS5wZGYAAAAAAAAAAAAAAAAAAAAAAAAAAAAAAAAAAAAAAAAAAAJ/1TnU3IpqAAAAAAAAAAAABQAEAAAJIAAAAAAAAAAAAAAAAAAAAA5QYXBlcnMgdG8gUmVhZAAQAAgAAM+TuTsAAAARAAgAANTc3soAAAABABQADNALAAzP6wAMzqYADEizAAJnJQACAGBNYWNpbnRvc2ggSEQ6VXNlcnM6AGhhcmlzdW5kYXJhbToARHJvcGJveDoAV29yazoAUGFwZXJzIHRvIFJlYWQ6AFtwXSBrYXksIDIwMTYgLSByZXMjMjdGRDUzOS5wZGYADgEEAIEAWwBwAF0AIABrAGEAeQAsACAAMgAwADEANgAgAC0AIAByAGUAcwBlAGEAcgBjAGgAZQByAC0AYwBlAG4AdABlAHIAZQBkACAAZABlAHMAaQBnAG4AIABvAGYAIABzAHQAYQB0AGkAcwB0AGkAYwBzACAAdwBoAHkAIABiAGEAeQBlAHMAaQBhAG4AIABzAHQAYQB0AGkAcwB0AGkAYwBzACAAYgBlAHQAdABlAHIAIABmAGkAdAAgAHQAaABlACAAYwB1AGwAdAB1AHIAZQAgAGEAbgBkACAAaQBuAGMAZQBuAHQAaQB2AGUAcwAgAG8AZgAgAGgAYwBpAC4AcABkAGYADwAaAAwATQBhAGMAaQBuAHQAbwBzAGgAIABIAEQAEgCwVXNlcnMvaGFyaXN1bmRhcmFtL0Ryb3Bib3gvV29yay9QYXBlcnMgdG8gUmVhZC9bcF0ga2F5LCAyMDE2IC0gcmVzZWFyY2hlci1jZW50ZXJlZCBkZXNpZ24gb2Ygc3RhdGlzdGljcyB3aHkgYmF5ZXNpYW4gc3RhdGlzdGljcyBiZXR0ZXIgZml0IHRoZSBjdWx0dXJlIGFuZCBpbmNlbnRpdmVzIG9mIGhjaS5wZGYAEwABLwAAFQACABP//wAAgAbSGxwdHlokY2xhc3NuYW1lWCRjbGFzc2VzXU5TTXV0YWJsZURhdGGjHR8gVk5TRGF0YVhOU09iamVjdNIbHCIjXE5TRGljdGlvbmFyeaIiIF8QD05TS2V5ZWRBcmNoaXZlctEmJ1Ryb290gAEACAARABoAIwAtADIANwBAAEYATQBVAGAAZwBqAGwAbgBxAHMAdQB3AIQAjgE9AUIBSgR0BHYEewSGBI8EnQShBKgEsQS2BMMExgTYBNsE4AAAAAAAAAIBAAAAAAAAACgAAAAAAAAAAAAAAAAAAATi},
	Bdsk-Url-1 = {http://doi.acm.org/10.1145/2858036.2858465},
	Bdsk-Url-2 = {http://dx.doi.org/10.1145/2858036.2858465}}
