%% This BibTeX bibliography file was created using BibDesk.
%% http://bibdesk.sourceforge.net/


%% Created for Ziang Xiao at 2019-02-24 21:37:39 -0600 


%% Saved with string encoding Unicode (UTF-8) 



@article{maheswaran1990influence,
	Author = {Maheswaran, Durairaj and Meyers-Levy, Joan},
	Journal = {Journal of Marketing research},
	Pages = {361--367},
	Publisher = {JSTOR},
	Title = {The influence of message framing and issue involvement},
	Year = {1990}}

@inproceedings{BaumerKFAGPRNOG12,
	Author = {Eric P. S. Baumer and Sherri Jean Katz and Jill E. Freeman and Phil Adams and Amy L. Gonzales and John P. Pollak and Daniela Retelny and Jeff Niederdeppe and Christine M. Olson and Geri K. Gay},
	Bibsource = {dblp computer science bibliography, https://dblp.org},
	Biburl = {https://dblp.org/rec/bib/conf/cscw/BaumerKFAGPRNOG12},
	Booktitle = {{CSCW} '12 Computer Supported Cooperative Work, Seattle, WA, USA, February 11-15, 2012},
	Crossref = {DBLP:conf/cscw/2012c},
	Doi = {10.1145/2145204.2145279},
	Pages = {475--484},
	Timestamp = {Mon, 20 Feb 2012 18:27:49 +0100},
	Title = {Prescriptive persuasion and open-ended social awareness: expanding the design space of mobile health},
	Url = {http://doi.acm.org/10.1145/2145204.2145279},
	Year = {2012},
	Bdsk-Url-1 = {http://doi.acm.org/10.1145/2145204.2145279},
	Bdsk-Url-2 = {https://doi.org/10.1145/2145204.2145279}}

@inproceedings{dey2017art,
	Author = {Dey, Sanorita and Duff, Brittany and Karahalios, Karrie and Fu, Wai-Tat},
	Booktitle = {Proceedings of the 2017 ACM Conference on Computer Supported Cooperative Work and Social Computing},
	Organization = {ACM},
	Pages = {755--769},
	Title = {The Art and Science of Persuasion: Not All Crowdfunding Campaign Videos Are The Same},
	Year = {2017}}

@inproceedings{LeeKF11,
	Author = {Min Kyung Lee and Sara B. Kiesler and Jodi Forlizzi},
	Bibsource = {dblp computer science bibliography, https://dblp.org},
	Biburl = {https://dblp.org/rec/bib/conf/chi/LeeKF11},
	Booktitle = {Proceedings of the International Conference on Human Factors in Computing Systems, {CHI} 2011, Vancouver, BC, Canada, May 7-12, 2011},
	Crossref = {DBLP:conf/chi/2011},
	Doi = {10.1145/1978942.1978989},
	Pages = {325--334},
	Timestamp = {Wed, 11 May 2011 10:43:31 +0200},
	Title = {Mining behavioral economics to design persuasive technology for healthy choices},
	Url = {http://doi.acm.org/10.1145/1978942.1978989},
	Year = {2011},
	Bdsk-Url-1 = {http://doi.acm.org/10.1145/1978942.1978989},
	Bdsk-Url-2 = {https://doi.org/10.1145/1978942.1978989}}

@inproceedings{brown2006reflecting,
	Author = {Brown, Brandon and Chetty, Marshini and Grimes, Andrea and Harmon, Ellie},
	Booktitle = {CHI'06 extended abstracts on Human factors in computing systems},
	Organization = {ACM},
	Pages = {1807--1812},
	Title = {Reflecting on health: a system for students to monitor diet and exercise},
	Year = {2006}}

@inproceedings{grimes2007designing,
	Author = {Grimes, Andrea and Grinter, Rebecca E},
	Booktitle = {International Conference on Persuasive Technology},
	Organization = {Springer},
	Pages = {24--35},
	Title = {Designing persuasion: Health technology for low-income African American communities},
	Year = {2007}}

@article{goldstein2008room,
	Author = {Goldstein, Noah J and Cialdini, Robert B and Griskevicius, Vladas},
	Journal = {Journal of consumer Research},
	Number = {3},
	Pages = {472--482},
	Publisher = {Oxford University Pr ess},
	Title = {A room with a viewpoint: Using social norms to motivate environmental conservation in hotels},
	Volume = {35},
	Year = {2008}}

@article{goehlert1980information,
	Author = {Goehlert, Robert},
	Journal = {Information Processing \& Management},
	Number = {2},
	Pages = {109--114},
	Publisher = {Elsevier},
	Title = {Information, persuasion and freedom: Implications of communications technology},
	Volume = {16},
	Year = {1980}}

@inproceedings{chi2007enabling,
	Author = {Chi, Pei-yu and Chen, Jen-hao and Chu, Hao-hua and Chen, Bing-Yu},
	Booktitle = {Conference on Human Factors in Computing Systems: CHI'07 extended abstracts on Human factors in computing systems},
	Pages = {2333--2338},
	Title = {Enabling nutrition-aware cooking in a smart kitchen},
	Volume = {28},
	Year = {2007}}

@inproceedings{arroyo2005waterbot,
	Author = {Arroyo, Ernesto and Bonanni, Leonardo and Selker, Ted},
	Booktitle = {Proceedings of the SIGCHI conference on Human factors in computing systems},
	Organization = {ACM},
	Pages = {631--639},
	Title = {Waterbot: exploring feedback and persuasive techniques at the sink},
	Year = {2005}}

@inproceedings{liao2014expert,
	Author = {Liao, Q Vera and Fu, Wai-Tat},
	Booktitle = {Proceedings of the SIGCHI Conference on Human Factors in Computing Systems},
	Organization = {ACM},
	Pages = {2745--2754},
	Title = {Expert voices in echo chambers: effects of source expertise indicators on exposure to diverse opinions},
	Year = {2014}}

@article{vaish2018s,
	Author = {Vaish, Rajan and Liao, Q Vera and Bellotti, Victoria},
	Journal = {International Journal of Human-Computer Studies},
	Pages = {1--12},
	Publisher = {Elsevier},
	Title = {What's in it for me? Self-serving versus other-oriented framing in messages advocating use of prosocial peer-to-peer services},
	Volume = {109},
	Year = {2018}}

@inproceedings{schneider2016understanding,
	Author = {Schneider, Hanna and Moser, Kilian and Butz, Andreas and Alt, Florian},
	Booktitle = {Proceedings of the 2016 CHI Conference on Human Factors in Computing Systems},
	Organization = {ACM},
	Pages = {309--320},
	Title = {Understanding the mechanics of persuasive system design: a mixed-method theory-driven analysis of freeletics},
	Year = {2016}}

@article{orji2014developing,
	Author = {Orji, Rita and Mandryk, Regan L},
	Journal = {International Journal of Human-Computer Studies},
	Number = {2},
	Pages = {207--223},
	Publisher = {Elsevier},
	Title = {Developing culturally relevant design guidelines for encouraging healthy eating behavior},
	Volume = {72},
	Year = {2014}}

@inproceedings{nguyen2008designing,
	Author = {Nguyen, Hien and Masthoff, Judith},
	Booktitle = {International Conference on Persuasive Technology},
	Organization = {Springer},
	Pages = {201--212},
	Title = {Designing persuasive dialogue systems: Using argumentation with care},
	Year = {2008}}

@inproceedings{KangT15,
	Author = {Yilin Kang and Ah{-}Hwee Tan},
	Bibsource = {dblp computer science bibliography, https://dblp.org},
	Biburl = {https://dblp.org/rec/bib/conf/atal/KangT15},
	Booktitle = {Proceedings of the 2015 International Conference on Autonomous Agents and Multiagent Systems, {AAMAS} 2015, Istanbul, Turkey, May 4-8, 2015},
	Crossref = {DBLP:conf/atal/2015},
	Pages = {1871--1872},
	Timestamp = {Fri, 15 May 2015 17:42:53 +0200},
	Title = {{MAP:} {A} Computational Model for Adaptive Persuasion},
	Url = {http://dl.acm.org/citation.cfm?id=2773479},
	Year = {2015},
	Bdsk-Url-1 = {http://dl.acm.org/citation.cfm?id=2773479}}

@article{huntertowards,
	Author = {Hunter, Anthony},
	Journal = {Argument \& Computation},
	Number = {Preprint},
	Pages = {1--26},
	Publisher = {IOS Press},
	Title = {Towards a framework for computational persuasion with applications in behaviour change}}

@article{huang2007design,
	Author = {Huang, Shiu-li and Lin, Fu-ren},
	Journal = {Electronic Commerce Research and Applications},
	Number = {3},
	Pages = {285--296},
	Publisher = {Elsevier},
	Title = {The design and evaluation of an intelligent sales agent for online persuasion and negotiation},
	Volume = {6},
	Year = {2007}}

@article{McDermottPB18,
	Author = {Jason E. McDermott and Matthew Partridge and Yana Bromberg},
	Bibsource = {dblp computer science bibliography, https://dblp.org},
	Biburl = {https://dblp.org/rec/bib/journals/ploscb/McDermottPB18},
	Doi = {10.1371/journal.pcbi.1005845},
	Journal = {PLoS Computational Biology},
	Number = {1},
	Timestamp = {Tue, 20 Mar 2018 18:50:12 +0100},
	Title = {Ten simple rules for drawing scientific comics},
	Url = {https://doi.org/10.1371/journal.pcbi.1005845},
	Volume = {14},
	Year = {2018},
	Bdsk-Url-1 = {https://doi.org/10.1371/journal.pcbi.1005845}}

@book{cary2004going,
	Author = {Cary, Stephen},
	Publisher = {Heinemann Portsmouth, NH},
	Title = {Going graphic: Comics at work in the multilingual classroom},
	Year = {2004}}

@book{scott1993understanding,
	Author = {Scott McCloud},
	Publisher = {William Morrow Paperbacks},
	Title = {Understanding comics},
	Year = {1993}}

@article{weaver2017losing,
	Author = {Weaver-Hightower, Marcus B},
	Journal = {Journal of Medical Humanities},
	Number = {3},
	Pages = {215--230},
	Publisher = {Springer},
	Title = {Losing Thomas \& Ella: A Father's Story (A Research Comic)},
	Volume = {38},
	Year = {2017}}

@inproceedings{matsubara2016emotional,
	Author = {Matsubara, Mizuki and Augereau, Olivier and Sanches, Charles Lima and Kise, Koichi},
	Booktitle = {Proceedings of the 1st International Workshop on coMics ANalysis, Processing and Understanding},
	Organization = {ACM},
	Pages = {7},
	Title = {Emotional arousal estimation while reading comics based on physiological signal analysis},
	Year = {2016}}

@inproceedings{danescu2012you,
	Author = {Danescu-Niculescu-Mizil, Cristian and Cheng, Justin and Kleinberg, Jon and Lee, Lillian},
	Booktitle = {Proceedings of the 50th Annual Meeting of the Association for Computational Linguistics: Long Papers-Volume 1},
	Organization = {Association for Computational Linguistics},
	Pages = {892--901},
	Title = {You had me at hello: How phrasing affects memorability},
	Year = {2012}}

@article{tversky1992advances,
	Author = {Tversky, Amos and Kahneman, Daniel},
	Journal = {Journal of Risk and uncertainty},
	Number = {4},
	Pages = {297--323},
	Publisher = {Springer},
	Title = {Advances in prospect theory: Cumulative representation of uncertainty},
	Volume = {5},
	Year = {1992}}

@article{tversky1981framing,
	Author = {Tversky, Amos and Kahneman, Daniel},
	Journal = {Science},
	Number = {4481},
	Pages = {453--458},
	Publisher = {American Association for the Advancement of Science},
	Title = {The framing of decisions and the psychology of choice},
	Volume = {211},
	Year = {1981}}

@article{kahneman1984choices,
	Author = {Kahneman, Daniel and Tversky, Amos},
	Journal = {American psychologist},
	Number = {4},
	Pages = {341},
	Publisher = {American Psychological Association},
	Title = {Choices, values, and frames.},
	Volume = {39},
	Year = {1984}}

@article{smith1996message,
	Author = {Smith, Stephen M and Petty, Richard E},
	Journal = {Personality and Social Psychology Bulletin},
	Number = {3},
	Pages = {257--268},
	Publisher = {Sage Publications Sage CA: Thousand Oaks, CA},
	Title = {Message framing and persuasion: A message processing analysis},
	Volume = {22},
	Year = {1996}}

@article{grewal1994moderating,
	Author = {Grewal, Dhruv and Gotlieb, Jerry and Marmorstein, Howard},
	Journal = {Journal of consumer research},
	Number = {1},
	Pages = {145--153},
	Publisher = {The University of Chicago Press},
	Title = {The moderating effects of message framing and source credibility on the price-perceived risk relationship},
	Volume = {21},
	Year = {1994}}

@inproceedings{selker2015sweetbuildinggreeter,
	Author = {Selker, Ted and Yu, Shih-Yuan and Liang, Che-Wei and Hsu, Jane},
	Booktitle = {International Conference on Universal Access in Human-Computer Interaction},
	Organization = {Springer},
	Pages = {475--486},
	Title = {SweetBuildingGreeter: A Demonstration of Persuasive Technology for Public Space},
	Year = {2015}}

@book{mccloud2011making,
	Author = {McCloud, Scott},
	Publisher = {Harper Collins},
	Title = {Making comics},
	Year = {2011}}

@inproceedings{haughney2008using,
	Author = {Haughney, Evangeline},
	Booktitle = {CHI'08 Extended Abstracts on Human Factors in Computing Systems},
	Organization = {ACM},
	Pages = {2209--2212},
	Title = {Using comics to communicate qualitative user research findings},
	Year = {2008}}

@article{munroe2009xkcd,
	Author = {Munroe, Randall},
	Journal = {Creative Commons Attribution-Noncommercial},
	Title = {XKCD: A webcomic of romance, sarcasm, math, and language},
	Volume = {2},
	Year = {2009}}

@misc{cmx.io,
	Author = {Comix I/O},
	Journal = {CMX.IO},
	Title = {Comix I/O},
	Url = {http://cmx.io/},
	Bdsk-Url-1 = {http://cmx.io/}}

@misc{canvasjs,
	Journal = {CanvasJS},
	Title = {Beautiful HTML5 JavaScript Charts},
	Url = {https://canvasjs.com/},
	Bdsk-Url-1 = {https://canvasjs.com/}}

@misc{rough.js,
	Author = {Rough.js},
	Journal = {Rough.js},
	Title = {Rough.js},
	Url = {https://roughjs.com/},
	Bdsk-Url-1 = {https://roughjs.com/}}

@article{schultz2007constructive,
	Author = {Schultz, P Wesley and Nolan, Jessica M and Cialdini, Robert B and Goldstein, Noah J and Griskevicius, Vladas},
	Journal = {Psychological science},
	Number = {5},
	Pages = {429--434},
	Publisher = {SAGE Publications Sage CA: Los Angeles, CA},
	Title = {The constructive, destructive, and reconstructive power of social norms},
	Volume = {18},
	Year = {2007}}

@book{o1971art,
	Author = {O'Sullivan, Judith},
	Number = {1},
	Publisher = {University of Maryland Department of Art},
	Title = {The art of the comic strip},
	Year = {1971}}

@article{daddis2008influence,
	Author = {Daddis, Christopher},
	Journal = {Journal of Research on Adolescence},
	Number = {1},
	Pages = {75--98},
	Publisher = {Wiley Online Library},
	Title = {Influence of close friends on the boundaries of adolescent personal authority},
	Volume = {18},
	Year = {2008}}

@article{merga2014peer,
	Author = {Merga, Margaret K},
	Journal = {Journal of adolescent \& adult literacy},
	Number = {6},
	Pages = {472--482},
	Publisher = {Wiley Online Library},
	Title = {Peer group and friend influences on the social acceptability of adolescent book reading},
	Volume = {57},
	Year = {2014}}

@article{shin2013user,
	Author = {Shin, Dong-Hee},
	Journal = {Behaviour \& information technology},
	Number = {1},
	Pages = {52--67},
	Publisher = {Taylor \& Francis},
	Title = {User experience in social commerce: in friends we trust},
	Volume = {32},
	Year = {2013}}

@phdthesis{lin2013impact,
	Author = {Lin, Xiao},
	School = {Iowa State University},
	Title = {The impact of comics on audiences' knowledge of, attitude toward, and behavioral intentions related to wind energy},
	Year = {2013}}

@inproceedings{consolvo2008activity,
	Author = {Consolvo, Sunny and McDonald, David W and Toscos, Tammy and Chen, Mike Y and Froehlich, Jon and Harrison, Beverly and Klasnja, Predrag and LaMarca, Anthony and LeGrand, Louis and Libby, Ryan and others},
	Booktitle = {Proceedings of the SIGCHI Conference on Human Factors in Computing Systems},
	Organization = {ACM},
	Pages = {1797--1806},
	Title = {Activity sensing in the wild: a field trial of ubifit garden},
	Year = {2008}}

@article{orne1962social,
	Author = {Orne, Martin T},
	Journal = {American psychologist},
	Number = {11},
	Pages = {776},
	Publisher = {American Psychological Association},
	Title = {On the social psychology of the psychological experiment: With particular reference to demand characteristics and their implications.},
	Volume = {17},
	Year = {1962}}

@article{ford1991memorability,
	Author = {Ford, Leigh Arden and Smith, Sandi W},
	Journal = {American Behavioral Scientist},
	Number = {6},
	Pages = {695--711},
	Publisher = {SAGE PUBLICATION Thousand Oaks},
	Title = {Memorability and persuasiveness of organ donation message strategies},
	Volume = {34},
	Year = {1991}}

@inproceedings{lee2013does,
	Author = {Lee, Yu-Hao and Hsieh, Gary},
	Booktitle = {Proceedings of the SIGCHI Conference on Human Factors in Computing Systems},
	Organization = {ACM},
	Pages = {811--820},
	Title = {Does slacktivism hurt activism?: the effects of moral balancing and consistency in online activism},
	Year = {2013}}

@article{damgaard2017now,
  title={Now or never! The effect of deadlines on charitable giving: Evidence from two natural field experiments},
  author={Damgaard, Mette Trier and Gravert, Christina},
  journal={Journal of Behavioral and Experimental Economics},
  volume={66},
  pages={78--87},
  year={2017},
  publisher={Elsevier}
}

@book{mckenzie2011fostering,
  title={Fostering sustainable behavior: An introduction to community-based social marketing},
  author={McKenzie-Mohr, Doug},
  year={2011},
  publisher={New society publishers}
}

@inproceedings{cotterill2010impact,
  title={The impact of a pledge campaign and the promise of publicity on charitable giving: a randomised controlled trial of a book donation campaign},
  author={Cotterill, S and John, P and Richardson, L},
  booktitle={Randomised Controlled Trials in the Social Sciences Conference, York, September 2010},
  year={2010}
}


@article{iyer2006picture,
  title={Picture this: Emotional and political responses to photographs of the Kenneth Bigley kidnapping},
  author={Iyer, Aarti and Oldmeadow, Julian},
  journal={European Journal of Social Psychology},
  volume={36},
  number={5},
  pages={635--647},
  year={2006},
  publisher={Wiley Online Library}
}

@article{difranza1991rjr,
  title={RJR Nabisco's cartoon camel promotes Camel cigarettes to children},
  author={DiFranza, Joseph R and Richards, John W and Paulman, Paul M and Wolf-Gillespie, Nancy and Fletcher, Christopher and Jaffe, Robert D and Murray, David},
  journal={Jama},
  volume={266},
  number={22},
  pages={3149--3153},
  year={1991},
  publisher={American Medical Association}
}


@article{marwell1981economists,
  title={Economists free ride, does anyone else?: Experiments on the provision of public goods, IV},
  author={Marwell, Gerald and Ames, Ruth E},
  journal={Journal of public economics},
  volume={15},
  number={3},
  pages={295--310},
  year={1981},
  publisher={Elsevier}
}

@article{marwell1979experiments,
  title={Experiments on the provision of public goods. I. Resources, interest, group size, and the free-rider problem},
  author={Marwell, Gerald and Ames, Ruth E},
  journal={American Journal of sociology},
  volume={84},
  number={6},
  pages={1335--1360},
  year={1979},
  publisher={University of Chicago Press}
}

@book{olson2009logic,
  title={The logic of collective action},
  author={Olson, Mancur},
  volume={124},
  year={2009},
  publisher={Harvard University Press}
}

@article{becker1974theory,
  title={A theory of social interactions},
  author={Becker, Gary S},
  journal={Journal of political economy},
  volume={82},
  number={6},
  pages={1063--1093},
  year={1974},
  publisher={The University of Chicago Press}
}

@article{andreoni1990impure,
  title={Impure altruism and donations to public goods: A theory of warm-glow giving},
  author={Andreoni, James},
  journal={The economic journal},
  volume={100},
  number={401},
  pages={464--477},
  year={1990},
  publisher={JSTOR}
}

@article{feiler2012mixed,
  title={Mixed reasons, missed givings: The costs of blending egoistic and altruistic reasons in donation requests},
  author={Feiler, Daniel C and Tost, Leigh P and Grant, Adam M},
  journal={Journal of Experimental Social Psychology},
  volume={48},
  number={6},
  pages={1322--1328},
  year={2012},
  publisher={Elsevier}
}

@article{midden2008using,
  title={Using persuasive technology to encourage sustainable behavior},
  author={Midden, Cees and McCalley, Teddy and Ham, Jaap and Zaalberg, Ruud},
  journal={Sustainability WS Pervasive},
  volume={113},
  year={2008}
}

@article{miguel2005ethnic,
  title={Ethnic diversity, social sanctions, and public goods in Kenya},
  author={Miguel, Edward and Gugerty, Mary Kay},
  journal={Journal of public Economics},
  volume={89},
  number={11-12},
  pages={2325--2368},
  year={2005},
  publisher={Elsevier}
}

@article{pessemier1977willingness,
  title={Willingness to supply human body parts: Some empirical results},
  author={Pessemier, Edgar A and Bemmaor, Albert C and Hanssens, Dominique M},
  journal={Journal of Consumer Research},
  volume={4},
  number={3},
  pages={131--140},
  year={1977},
  publisher={The University of Chicago Press}
}

@article{isaac1982public,
  title={Public goods provision in an experimental environment},
  author={Isaac, R Mark and McCue, Kenneth F and Plott, Charles R},
  year={1982},
  publisher={California Institute of Technology}
}

@article{burnett1981psychographic,
  title={Psychographic and demographic characteristics of blood donors},
  author={Burnett, John J},
  journal={Journal of Consumer Research},
  volume={8},
  number={1},
  pages={62--66},
  year={1981},
  publisher={The University of Chicago Press}
}


@inproceedings{zhang2014stop,
  title={Stop clicking on "update later": Persuading users they need up-to-date antivirus protection},
  author={Zhang-Kennedy, Leah and Chiasson, Sonia and Biddle, Robert},
  booktitle={International Conference on Persuasive Technology},
  pages={302--322},
  year={2014},
  organization={Springer}
}

@article{nisbett1980human,
  title={Human inference: Strategies and shortcomings of social judgment},
  author={Nisbett, Richard E and Ross, Lee},
  year={1980}
}

@article{diemand2011fortune,
  title={Fortune favors the (): Effects of disfluency on educational outcomes},
  author={Diemand-Yauman, Connor and Oppenheimer, Daniel M and Vaughan, Erikka B},
  journal={Cognition},
  volume={118},
  number={1},
  pages={111--115},
  year={2011},
  publisher={Elsevier}
}