%% This BibTeX bibliography file was created using BibDesk.
%% http://bibdesk.sourceforge.net/


%% Created for Hari Sundaram at 2018-04-19 11:19:10 -0500 


%% Saved with string encoding Unicode (UTF-8) 



@article{Cialdini1993,
	Author = {Cialdini, Robert B},
	Date-Added = {2018-04-19 16:16:00 +0000},
	Date-Modified = {2018-04-19 16:16:00 +0000},
	Journal = {New York, Morrow},
	Keywords = {paper:complete},
	Title = {Influence: The psychology of persuasion},
	Year = {1993}}

@article{Cialdini2004,
	Author = {Cialdini, Robert B. and Goldstein, Noah J.},
	Date-Added = {2018-04-19 16:16:00 +0000},
	Date-Modified = {2018-04-19 16:16:00 +0000},
	Doi = {10.1146/annurev.psych.55.090902.142015},
	Eprint = {http://www.annualreviews.org/doi/pdf/10.1146/annurev.psych.55.090902.142015},
	Journal = {Annual Review of Psychology},
	Note = {PMID: 14744228},
	Number = {1},
	Pages = {591-621},
	Title = {Social Influence: Compliance and Conformity},
	Url = {http://www.annualreviews.org/doi/abs/10.1146/annurev.psych.55.090902.142015},
	Volume = {55},
	Year = {2004},
	Bdsk-File-1 = {YnBsaXN0MDDUAQIDBAUGJCVYJHZlcnNpb25YJG9iamVjdHNZJGFyY2hpdmVyVCR0b3ASAAGGoKgHCBMUFRYaIVUkbnVsbNMJCgsMDxJXTlMua2V5c1pOUy5vYmplY3RzViRjbGFzc6INDoACgAOiEBGABIAFgAdccmVsYXRpdmVQYXRoWWFsaWFzRGF0YV8Qbi4uLy4uLy4uLy4uLy4uL0Ryb3Bib3gvV29yay9QYXBlcnMgdG8gUmVhZC9bcF0gY2lhbGRpbmksIDIwMDQgLSBzb2NpYWwgaW5mbHVlbmNlIGNvbXBsaWFuY2UgYW5kIGNvbmZvcm1pdHkucGRm0hcLGBlXTlMuZGF0YU8RAmwAAAAAAmwAAgAADE1hY2ludG9zaCBIRAAAAAAAAAAAAAAAAAAAAM+TcutIKwAAAAzQCx9bcF0gY2lhbGRpbmksIDIwMDQgLSMxMDg3RjcucGRmAAAAAAAAAAAAAAAAAAAAAAAAAAAAAAAAAAAAAAAAAAAAEIf3zVU8fQAAAAAAAAAAAAUABAAACSAAAAAAAAAAAAAAAAAAAAAOUGFwZXJzIHRvIFJlYWQAEAAIAADPk7k7AAAAEQAIAADNVZDdAAAAAQAUAAzQCwAMz+sADM6mAAxIswACZyUAAgBgTWFjaW50b3NoIEhEOlVzZXJzOgBoYXJpc3VuZGFyYW06AERyb3Bib3g6AFdvcms6AFBhcGVycyB0byBSZWFkOgBbcF0gY2lhbGRpbmksIDIwMDQgLSMxMDg3RjcucGRmAA4AiABDAFsAcABdACAAYwBpAGEAbABkAGkAbgBpACwAIAAyADAAMAA0ACAALQAgAHMAbwBjAGkAYQBsACAAaQBuAGYAbAB1AGUAbgBjAGUAIABjAG8AbQBwAGwAaQBhAG4AYwBlACAAYQBuAGQAIABjAG8AbgBmAG8AcgBtAGkAdAB5AC4AcABkAGYADwAaAAwATQBhAGMAaQBuAHQAbwBzAGgAIABIAEQAEgByVXNlcnMvaGFyaXN1bmRhcmFtL0Ryb3Bib3gvV29yay9QYXBlcnMgdG8gUmVhZC9bcF0gY2lhbGRpbmksIDIwMDQgLSBzb2NpYWwgaW5mbHVlbmNlIGNvbXBsaWFuY2UgYW5kIGNvbmZvcm1pdHkucGRmABMAAS8AABUAAgAT//8AAIAG0hscHR5aJGNsYXNzbmFtZVgkY2xhc3Nlc11OU011dGFibGVEYXRhox0fIFZOU0RhdGFYTlNPYmplY3TSGxwiI1xOU0RpY3Rpb25hcnmiIiBfEA9OU0tleWVkQXJjaGl2ZXLRJidUcm9vdIABAAgAEQAaACMALQAyADcAQABGAE0AVQBgAGcAagBsAG4AcQBzAHUAdwCEAI4A/wEEAQwDfAN+A4MDjgOXA6UDqQOwA7kDvgPLA84D4APjA+gAAAAAAAACAQAAAAAAAAAoAAAAAAAAAAAAAAAAAAAD6g==},
	Bdsk-Url-1 = {http://dx.doi.org/10.1146/annurev.psych.55.090902.142015}}

@article{Bradley2002,
	Author = {Bradley, Samuel D. and Meeds, Robert},
	Date-Added = {2018-04-19 16:09:38 +0000},
	Date-Modified = {2018-04-19 16:09:38 +0000},
	Doi = {10.1002/mar.10027},
	Issn = {1520-6793},
	Journal = {Psychology and Marketing},
	Keywords = {compadv, project:advsynthesis},
	Number = {7-8},
	Pages = {595--619},
	Publisher = {Wiley Subscription Services, Inc., A Wiley Company},
	Title = {Surface-structure transformations and advertising slogans: The case for moderate syntactic complexity},
	Url = {http://dx.doi.org/10.1002/mar.10027},
	Volume = {19},
	Year = {2002},
	Bdsk-File-1 = {YnBsaXN0MDDUAQIDBAUGJCVYJHZlcnNpb25YJG9iamVjdHNZJGFyY2hpdmVyVCR0b3ASAAGGoKgHCBMUFRYaIVUkbnVsbNMJCgsMDxJXTlMua2V5c1pOUy5vYmplY3RzViRjbGFzc6INDoACgAOiEBGABIAFgAdccmVsYXRpdmVQYXRoWWFsaWFzRGF0YV8Qpy4uLy4uLy4uLy4uLy4uL0Ryb3Bib3gvV29yay9QYXBlcnMgdG8gUmVhZC9bcF0gYnJhZGxleSwgMjAwMiAtIHN1cmZhY2Utc3RydWN0dXJlIHRyYW5zZm9ybWF0aW9ucyBhbmQgYWR2ZXJ0aXNpbmcgc2xvZ2FucyB0aGUgY2FzZSBmb3IgbW9kZXJhdGUgc3ludGFjdGljIGNvbXBsZXhpdHkucGRm0hcLGBlXTlMuZGF0YU8RAxgAAAAAAxgAAgAADE1hY2ludG9zaCBIRAAAAAAAAAAAAAAAAAAAAM+TcutIKwAAAAzQCx9bcF0gYnJhZGxleSwgMjAwMiAtICNENUEwQzcucGRmAAAAAAAAAAAAAAAAAAAAAAAAAAAAAAAAAAAAAAAAAAAA1aDHzjPSqgAAAAAAAAAAAAUABAAACSAAAAAAAAAAAAAAAAAAAAAOUGFwZXJzIHRvIFJlYWQAEAAIAADPk7k7AAAAEQAIAADONBj6AAAAAQAUAAzQCwAMz+sADM6mAAxIswACZyUAAgBgTWFjaW50b3NoIEhEOlVzZXJzOgBoYXJpc3VuZGFyYW06AERyb3Bib3g6AFdvcms6AFBhcGVycyB0byBSZWFkOgBbcF0gYnJhZGxleSwgMjAwMiAtICNENUEwQzcucGRmAA4A+gB8AFsAcABdACAAYgByAGEAZABsAGUAeQAsACAAMgAwADAAMgAgAC0AIABzAHUAcgBmAGEAYwBlAC0AcwB0AHIAdQBjAHQAdQByAGUAIAB0AHIAYQBuAHMAZgBvAHIAbQBhAHQAaQBvAG4AcwAgAGEAbgBkACAAYQBkAHYAZQByAHQAaQBzAGkAbgBnACAAcwBsAG8AZwBhAG4AcwAgAHQAaABlACAAYwBhAHMAZQAgAGYAbwByACAAbQBvAGQAZQByAGEAdABlACAAcwB5AG4AdABhAGMAdABpAGMAIABjAG8AbQBwAGwAZQB4AGkAdAB5AC4AcABkAGYADwAaAAwATQBhAGMAaQBuAHQAbwBzAGgAIABIAEQAEgCrVXNlcnMvaGFyaXN1bmRhcmFtL0Ryb3Bib3gvV29yay9QYXBlcnMgdG8gUmVhZC9bcF0gYnJhZGxleSwgMjAwMiAtIHN1cmZhY2Utc3RydWN0dXJlIHRyYW5zZm9ybWF0aW9ucyBhbmQgYWR2ZXJ0aXNpbmcgc2xvZ2FucyB0aGUgY2FzZSBmb3IgbW9kZXJhdGUgc3ludGFjdGljIGNvbXBsZXhpdHkucGRmAAATAAEvAAAVAAIAE///AACABtIbHB0eWiRjbGFzc25hbWVYJGNsYXNzZXNdTlNNdXRhYmxlRGF0YaMdHyBWTlNEYXRhWE5TT2JqZWN00hscIiNcTlNEaWN0aW9uYXJ5oiIgXxAPTlNLZXllZEFyY2hpdmVy0SYnVHJvb3SAAQAIABEAGgAjAC0AMgA3AEAARgBNAFUAYABnAGoAbABuAHEAcwB1AHcAhACOATgBPQFFBGEEYwRoBHMEfASKBI4ElQSeBKMEsASzBMUEyATNAAAAAAAAAgEAAAAAAAAAKAAAAAAAAAAAAAAAAAAABM8=},
	Bdsk-Url-1 = {http://dx.doi.org/10.1002/mar.10027}}

@article{Chamblee1993,
	Abstract = {This article discusses a simple generalizable measure of complexity that can be used in assessing the complexity of advertising copy and its effect on readership. A study that tested the effect of visual complexity of an advertisement on looking time concluded that advertisements which are visually more complex are looked at for longer periods of time. The authors defined complexity in terms of the geometric characteristics of the picture. While the concern in the present study is with the effects of complexity in the written message, it is illuminating to know at the start that on visual counts alone complexity can be a definite asset in garnering higher response scores. Technical complexity, too, can enhance an advertisement's effectiveness. A study of technical wording in camera advertising found there is some reason to believe that an advertisement's technical content level affects the communication's power to generate believability, interest, attention and the audience's overall },
	Author = {Chamblee, Robert and Gilmore, Robert and Thomas, Gloria and Soldow, Gary},
	Date-Added = {2018-04-19 16:09:38 +0000},
	Date-Modified = {2018-04-19 16:09:38 +0000},
	Issn = {00218499},
	Journal = {Journal of Advertising Research},
	Keywords = {ADVERTISING copy, READERSHIP, COMMERCIAL products, ADVERTISING, VISION, compadv, project:advsynthesis},
	Number = {3},
	Pages = {23 - 28},
	Title = {WHEN COPY COMPLEXITY CAN HELP AD READERSHIP.},
	Url = {http://search.ebscohost.com/login.aspx?direct=true&db=bsh&AN=9309136065&site=ehost-live},
	Volume = {33},
	Year = {1993},
	Bdsk-File-1 = {YnBsaXN0MDDUAQIDBAUGJCVYJHZlcnNpb25YJG9iamVjdHNZJGFyY2hpdmVyVCR0b3ASAAGGoKgHCBMUFRYaIVUkbnVsbNMJCgsMDxJXTlMua2V5c1pOUy5vYmplY3RzViRjbGFzc6INDoACgAOiEBGABIAFgAdccmVsYXRpdmVQYXRoWWFsaWFzRGF0YV8QcC4uLy4uLy4uLy4uLy4uL0Ryb3Bib3gvV29yay9QYXBlcnMgdG8gUmVhZC9bcF0gY2hhbWJsZWUsIDE5OTMgLSB3aGVuIGNvcHkgY29tcGxleGl0eSBjYW4gaGVscCBhZCByZWFkZXJzaGlwLi5wZGbSFwsYGVdOUy5kYXRhTxECcgAAAAACcgACAAAMTWFjaW50b3NoIEhEAAAAAAAAAAAAAAAAAAAAz5Ny60grAAAADNALH1twXSBjaGFtYmxlZSwgMTk5MyAtI0Q1QTE3QS5wZGYAAAAAAAAAAAAAAAAAAAAAAAAAAAAAAAAAAAAAAAAAAADVoXrRg7XOAAAAAAAAAAAABQAEAAAJIAAAAAAAAAAAAAAAAAAAAA5QYXBlcnMgdG8gUmVhZAAQAAgAAM+TuTsAAAARAAgAANGD/B4AAAABABQADNALAAzP6wAMzqYADEizAAJnJQACAGBNYWNpbnRvc2ggSEQ6VXNlcnM6AGhhcmlzdW5kYXJhbToARHJvcGJveDoAV29yazoAUGFwZXJzIHRvIFJlYWQ6AFtwXSBjaGFtYmxlZSwgMTk5MyAtI0Q1QTE3QS5wZGYADgCMAEUAWwBwAF0AIABjAGgAYQBtAGIAbABlAGUALAAgADEAOQA5ADMAIAAtACAAdwBoAGUAbgAgAGMAbwBwAHkAIABjAG8AbQBwAGwAZQB4AGkAdAB5ACAAYwBhAG4AIABoAGUAbABwACAAYQBkACAAcgBlAGEAZABlAHIAcwBoAGkAcAAuAC4AcABkAGYADwAaAAwATQBhAGMAaQBuAHQAbwBzAGgAIABIAEQAEgB0VXNlcnMvaGFyaXN1bmRhcmFtL0Ryb3Bib3gvV29yay9QYXBlcnMgdG8gUmVhZC9bcF0gY2hhbWJsZWUsIDE5OTMgLSB3aGVuIGNvcHkgY29tcGxleGl0eSBjYW4gaGVscCBhZCByZWFkZXJzaGlwLi5wZGYAEwABLwAAFQACABP//wAAgAbSGxwdHlokY2xhc3NuYW1lWCRjbGFzc2VzXU5TTXV0YWJsZURhdGGjHR8gVk5TRGF0YVhOU09iamVjdNIbHCIjXE5TRGljdGlvbmFyeaIiIF8QD05TS2V5ZWRBcmNoaXZlctEmJ1Ryb290gAEACAARABoAIwAtADIANwBAAEYATQBVAGAAZwBqAGwAbgBxAHMAdQB3AIQAjgEBAQYBDgOEA4YDiwOWA58DrQOxA7gDwQPGA9MD1gPoA+sD8AAAAAAAAAIBAAAAAAAAACgAAAAAAAAAAAAAAAAAAAPy},
	Bdsk-Url-1 = {http://search.ebscohost.com/login.aspx?direct=true&db=bsh&AN=9309136065&site=ehost-live}}

@article{Knapp1981,
	Author = {Knapp, Mark L. and Stohl, Cynthia and Reardon, Kathleen K.},
	Date-Added = {2018-04-19 16:09:38 +0000},
	Date-Modified = {2018-04-19 16:09:38 +0000},
	Doi = {10.1111/j.1460-2466.1981.tb00448.x},
	Issn = {1460-2466},
	Journal = {Journal of Communication},
	Keywords = {compadv, project:advsynthesis},
	Number = {4},
	Pages = {27--41},
	Publisher = {Blackwell Publishing Ltd},
	Title = {``Memorable'' Messages},
	Url = {http://dx.doi.org/10.1111/j.1460-2466.1981.tb00448.x},
	Volume = {31},
	Year = {1981},
	Bdsk-File-1 = {YnBsaXN0MDDUAQIDBAUGJCVYJHZlcnNpb25YJG9iamVjdHNZJGFyY2hpdmVyVCR0b3ASAAGGoKgHCBMUFRYaIVUkbnVsbNMJCgsMDxJXTlMua2V5c1pOUy5vYmplY3RzViRjbGFzc6INDoACgAOiEBGABIAFgAdccmVsYXRpdmVQYXRoWWFsaWFzRGF0YV8QVy4uLy4uLy4uLy4uLy4uL0Ryb3Bib3gvV29yay9QYXBlcnMgdG8gUmVhZC9bcF0ga25hcHAsIDE5ODEgLSBgYG1lbW9yYWJsZScnIG1lc3NhZ2VzLnBkZtIXCxgZV05TLmRhdGFPEQIoAAAAAAIoAAIAAAxNYWNpbnRvc2ggSEQAAAAAAAAAAAAAAAAAAADPk3LrSCsAAAAM0AsfW3BdIGtuYXBwLCAxOTgxIC0gYGAjRDVBMzNELnBkZgAAAAAAAAAAAAAAAAAAAAAAAAAAAAAAAAAAAAAAAAAAANWjPc5bUe8AAAAAAAAAAAAFAAQAAAkgAAAAAAAAAAAAAAAAAAAADlBhcGVycyB0byBSZWFkABAACAAAz5O5OwAAABEACAAAzluYPwAAAAEAFAAM0AsADM/rAAzOpgAMSLMAAmclAAIAYE1hY2ludG9zaCBIRDpVc2VyczoAaGFyaXN1bmRhcmFtOgBEcm9wYm94OgBXb3JrOgBQYXBlcnMgdG8gUmVhZDoAW3BdIGtuYXBwLCAxOTgxIC0gYGAjRDVBMzNELnBkZgAOAFoALABbAHAAXQAgAGsAbgBhAHAAcAAsACAAMQA5ADgAMQAgAC0AIABgAGAAbQBlAG0AbwByAGEAYgBsAGUAJwAnACAAbQBlAHMAcwBhAGcAZQBzAC4AcABkAGYADwAaAAwATQBhAGMAaQBuAHQAbwBzAGgAIABIAEQAEgBbVXNlcnMvaGFyaXN1bmRhcmFtL0Ryb3Bib3gvV29yay9QYXBlcnMgdG8gUmVhZC9bcF0ga25hcHAsIDE5ODEgLSBgYG1lbW9yYWJsZScnIG1lc3NhZ2VzLnBkZgAAEwABLwAAFQACABP//wAAgAbSGxwdHlokY2xhc3NuYW1lWCRjbGFzc2VzXU5TTXV0YWJsZURhdGGjHR8gVk5TRGF0YVhOU09iamVjdNIbHCIjXE5TRGljdGlvbmFyeaIiIF8QD05TS2V5ZWRBcmNoaXZlctEmJ1Ryb290gAEACAARABoAIwAtADIANwBAAEYATQBVAGAAZwBqAGwAbgBxAHMAdQB3AIQAjgDoAO0A9QMhAyMDKAMzAzwDSgNOA1UDXgNjA3ADcwOFA4gDjQAAAAAAAAIBAAAAAAAAACgAAAAAAAAAAAAAAAAAAAOP},
	Bdsk-Url-1 = {http://dx.doi.org/10.1111/j.1460-2466.1981.tb00448.x}}

@article{Lowrey2006,
	Abstract = {The relation between script complexity and commercial memorability was assessed using scripts and field data from a copytesting firm. The scripts were coded using the Flesch Reading Ease Formula. In Study 1 (field study), regression analyses revealed that complexity contributes independently (negatively) to advertising recall and recognition (controlling for executional variables). In Study 2, a laboratory experiment replicated the main effects of complexity on recall and recognition, but also showed that product category involvement moderated this effect. Complexity adversely affected a variety of memory measures, but only for those who were less involved with the product category. These findings provide further evidence that psycholinguistic factors should be taken into consideration when developing effective advertising.},
	Author = {Lowrey, Tina M.},
	Copyright = {Copyright {\copyright} 2006 Taylor & Francis, Ltd.},
	Date-Added = {2018-04-19 16:09:38 +0000},
	Date-Modified = {2018-04-19 16:09:38 +0000},
	Issn = {00913367},
	Journal = {Journal of Advertising},
	Jstor_Articletype = {research-article},
	Jstor_Formatteddate = {Fall, 2006},
	Keywords = {compadv, project:advsynthesis},
	Language = {English},
	Number = {3},
	Pages = {pp. 7-15},
	Publisher = {Taylor & Francis, Ltd.},
	Title = {The Relation between Script Complexity and Commercial Memorability},
	Url = {http://www.jstor.org/stable/20460737},
	Volume = {35},
	Year = {2006},
	Bdsk-File-1 = {YnBsaXN0MDDUAQIDBAUGJCVYJHZlcnNpb25YJG9iamVjdHNZJGFyY2hpdmVyVCR0b3ASAAGGoKgHCBMUFRYaIVUkbnVsbNMJCgsMDxJXTlMua2V5c1pOUy5vYmplY3RzViRjbGFzc6INDoACgAOiEBGABIAFgAdccmVsYXRpdmVQYXRoWWFsaWFzRGF0YV8QhC4uLy4uLy4uLy4uLy4uL0Ryb3Bib3gvV29yay9QYXBlcnMgdG8gUmVhZC9bcF0gbG93cmV5LCAyMDA2IC0gdGhlIHJlbGF0aW9uIGJldHdlZW4gc2NyaXB0IGNvbXBsZXhpdHkgYW5kIGNvbW1lcmNpYWwgbWVtb3JhYmlsaXR5LnBkZtIXCxgZV05TLmRhdGFPEQKuAAAAAAKuAAIAAAxNYWNpbnRvc2ggSEQAAAAAAAAAAAAAAAAAAADPk3LrSCsAAAAM0AsfW3BdIGxvd3JleSwgMjAwNiAtIHQjRDVBM0Q2LnBkZgAAAAAAAAAAAAAAAAAAAAAAAAAAAAAAAAAAAAAAAAAAANWj1tGDtzMAAAAAAAAAAAAFAAQAAAkgAAAAAAAAAAAAAAAAAAAADlBhcGVycyB0byBSZWFkABAACAAAz5O5OwAAABEACAAA0YP9gwAAAAEAFAAM0AsADM/rAAzOpgAMSLMAAmclAAIAYE1hY2ludG9zaCBIRDpVc2VyczoAaGFyaXN1bmRhcmFtOgBEcm9wYm94OgBXb3JrOgBQYXBlcnMgdG8gUmVhZDoAW3BdIGxvd3JleSwgMjAwNiAtIHQjRDVBM0Q2LnBkZgAOALQAWQBbAHAAXQAgAGwAbwB3AHIAZQB5ACwAIAAyADAAMAA2ACAALQAgAHQAaABlACAAcgBlAGwAYQB0AGkAbwBuACAAYgBlAHQAdwBlAGUAbgAgAHMAYwByAGkAcAB0ACAAYwBvAG0AcABsAGUAeABpAHQAeQAgAGEAbgBkACAAYwBvAG0AbQBlAHIAYwBpAGEAbAAgAG0AZQBtAG8AcgBhAGIAaQBsAGkAdAB5AC4AcABkAGYADwAaAAwATQBhAGMAaQBuAHQAbwBzAGgAIABIAEQAEgCIVXNlcnMvaGFyaXN1bmRhcmFtL0Ryb3Bib3gvV29yay9QYXBlcnMgdG8gUmVhZC9bcF0gbG93cmV5LCAyMDA2IC0gdGhlIHJlbGF0aW9uIGJldHdlZW4gc2NyaXB0IGNvbXBsZXhpdHkgYW5kIGNvbW1lcmNpYWwgbWVtb3JhYmlsaXR5LnBkZgATAAEvAAAVAAIAE///AACABtIbHB0eWiRjbGFzc25hbWVYJGNsYXNzZXNdTlNNdXRhYmxlRGF0YaMdHyBWTlNEYXRhWE5TT2JqZWN00hscIiNcTlNEaWN0aW9uYXJ5oiIgXxAPTlNLZXllZEFyY2hpdmVy0SYnVHJvb3SAAQAIABEAGgAjAC0AMgA3AEAARgBNAFUAYABnAGoAbABuAHEAcwB1AHcAhACOARUBGgEiA9QD1gPbA+YD7wP9BAEECAQRBBYEIwQmBDgEOwRAAAAAAAAAAgEAAAAAAAAAKAAAAAAAAAAAAAAAAAAABEI=},
	Bdsk-Url-1 = {http://www.jstor.org/stable/20460737}}

@article{Kim2016,
	Author = {Kim, Ki Joon and Sundar, S. Shyam},
	Date-Added = {2018-04-19 15:33:19 +0000},
	Date-Modified = {2018-04-19 15:33:19 +0000},
	Doi = {10.1111/hcre.12064},
	Eprint = {/oup/backfile/content_public/journal/hcr/42/1/10.1111_hcre.12064/4/jhumcom0045.pdf},
	Journal = {Human Communication Research},
	Number = {1},
	Pages = {45-70},
	Title = {Mobile Persuasion: Can Screen Size and Presentation Mode Make a Difference to Trust?},
	Url = {http://dx.doi.org/10.1111/hcre.12064},
	Volume = {42},
	Year = {2016},
	Bdsk-File-1 = {YnBsaXN0MDDUAQIDBAUGJCVYJHZlcnNpb25YJG9iamVjdHNZJGFyY2hpdmVyVCR0b3ASAAGGoKgHCBMUFRYaIVUkbnVsbNMJCgsMDxJXTlMua2V5c1pOUy5vYmplY3RzViRjbGFzc6INDoACgAOiEBGABIAFgAdccmVsYXRpdmVQYXRoWWFsaWFzRGF0YV8Qki4uLy4uLy4uLy4uLy4uL0Ryb3Bib3gvV29yay9QYXBlcnMgdG8gUmVhZC9bcF0ga2ltLCAyMDE2IC0gbW9iaWxlIHBlcnN1YXNpb24gY2FuIHNjcmVlbiBzaXplIGFuZCBwcmVzZW50YXRpb24gbW9kZSBtYWtlIGEgZGlmZmVyZW5jZSB0byB0cnVzdD8ucGRm0hcLGBlXTlMuZGF0YU8RAtgAAAAAAtgAAgAADE1hY2ludG9zaCBIRAAAAAAAAAAAAAAAAAAAAM+TcutIKwAAAAzQCx9bcF0ga2ltLCAyMDE2IC0gbW9iIzNCMTdFODIucGRmAAAAAAAAAAAAAAAAAAAAAAAAAAAAAAAAAAAAAAAAAAADsX6C1v4gygAAAAAAAAAAAAUABAAACSAAAAAAAAAAAAAAAAAAAAAOUGFwZXJzIHRvIFJlYWQAEAAIAADPk7k7AAAAEQAIAADW/mcaAAAAAQAUAAzQCwAMz+sADM6mAAxIswACZyUAAgBgTWFjaW50b3NoIEhEOlVzZXJzOgBoYXJpc3VuZGFyYW06AERyb3Bib3g6AFdvcms6AFBhcGVycyB0byBSZWFkOgBbcF0ga2ltLCAyMDE2IC0gbW9iIzNCMTdFODIucGRmAA4A0ABnAFsAcABdACAAawBpAG0ALAAgADIAMAAxADYAIAAtACAAbQBvAGIAaQBsAGUAIABwAGUAcgBzAHUAYQBzAGkAbwBuACAAYwBhAG4AIABzAGMAcgBlAGUAbgAgAHMAaQB6AGUAIABhAG4AZAAgAHAAcgBlAHMAZQBuAHQAYQB0AGkAbwBuACAAbQBvAGQAZQAgAG0AYQBrAGUAIABhACAAZABpAGYAZgBlAHIAZQBuAGMAZQAgAHQAbwAgAHQAcgB1AHMAdAA/AC4AcABkAGYADwAaAAwATQBhAGMAaQBuAHQAbwBzAGgAIABIAEQAEgCWVXNlcnMvaGFyaXN1bmRhcmFtL0Ryb3Bib3gvV29yay9QYXBlcnMgdG8gUmVhZC9bcF0ga2ltLCAyMDE2IC0gbW9iaWxlIHBlcnN1YXNpb24gY2FuIHNjcmVlbiBzaXplIGFuZCBwcmVzZW50YXRpb24gbW9kZSBtYWtlIGEgZGlmZmVyZW5jZSB0byB0cnVzdD8ucGRmABMAAS8AABUAAgAT//8AAIAG0hscHR5aJGNsYXNzbmFtZVgkY2xhc3Nlc11OU011dGFibGVEYXRhox0fIFZOU0RhdGFYTlNPYmplY3TSGxwiI1xOU0RpY3Rpb25hcnmiIiBfEA9OU0tleWVkQXJjaGl2ZXLRJidUcm9vdIABAAgAEQAaACMALQAyADcAQABGAE0AVQBgAGcAagBsAG4AcQBzAHUAdwCEAI4BIwEoATAEDAQOBBMEHgQnBDUEOQRABEkETgRbBF4EcARzBHgAAAAAAAACAQAAAAAAAAAoAAAAAAAAAAAAAAAAAAAEeg==},
	Bdsk-Url-1 = {http://dx.doi.org/10.1111/hcre.12064}}

@inproceedings{Choe2014,
	Acmid = {2557372},
	Address = {New York, NY, USA},
	Author = {Choe, Eun Kyoung and Lee, Nicole B. and Lee, Bongshin and Pratt, Wanda and Kientz, Julie A.},
	Booktitle = {Proceedings of the 32nd Annual ACM Conference on Human Factors in Computing Systems},
	Date-Added = {2018-04-19 15:30:27 +0000},
	Date-Modified = {2018-04-19 15:30:27 +0000},
	Doi = {10.1145/2556288.2557372},
	Isbn = {978-1-4503-2473-1},
	Keywords = {health, per-sonal informatics, personal analytics, quantified self, self-experimentation., self-monitoring, self-tracking},
	Location = {Toronto, Ontario, Canada},
	Numpages = {10},
	Pages = {1143--1152},
	Publisher = {ACM},
	Series = {CHI '14},
	Title = {Understanding Quantified-selfers' Practices in Collecting and Exploring Personal Data},
	Url = {http://doi.acm.org/10.1145/2556288.2557372},
	Year = {2014},
	Bdsk-File-1 = {YnBsaXN0MDDUAQIDBAUGJCVYJHZlcnNpb25YJG9iamVjdHNZJGFyY2hpdmVyVCR0b3ASAAGGoKgHCBMUFRYaIVUkbnVsbNMJCgsMDxJXTlMua2V5c1pOUy5vYmplY3RzViRjbGFzc6INDoACgAOiEBGABIAFgAdccmVsYXRpdmVQYXRoWWFsaWFzRGF0YV8QlS4uLy4uLy4uLy4uLy4uL0Ryb3Bib3gvV29yay9QYXBlcnMgdG8gUmVhZC9bcF0gY2hvZSwgMjAxNCAtIHVuZGVyc3RhbmRpbmcgcXVhbnRpZmllZC1zZWxmZXJzJyBwcmFjdGljZXMgaW4gY29sbGVjdGluZyBhbmQgZXhwbG9yaW5nIHBlcnNvbmFsIGRhdGEucGRm0hcLGBlXTlMuZGF0YU8RAuIAAAAAAuIAAgAADE1hY2ludG9zaCBIRAAAAAAAAAAAAAAAAAAAAM+TcutIKwAAAAzQCx9bcF0gY2hvZSwgMjAxNCAtIHVuIzNCMTdDNUEucGRmAAAAAAAAAAAAAAAAAAAAAAAAAAAAAAAAAAAAAAAAAAADsXxa1v4fDwAAAAAAAAAAAAUABAAACSAAAAAAAAAAAAAAAAAAAAAOUGFwZXJzIHRvIFJlYWQAEAAIAADPk7k7AAAAEQAIAADW/mVfAAAAAQAUAAzQCwAMz+sADM6mAAxIswACZyUAAgBgTWFjaW50b3NoIEhEOlVzZXJzOgBoYXJpc3VuZGFyYW06AERyb3Bib3g6AFdvcms6AFBhcGVycyB0byBSZWFkOgBbcF0gY2hvZSwgMjAxNCAtIHVuIzNCMTdDNUEucGRmAA4A1gBqAFsAcABdACAAYwBoAG8AZQAsACAAMgAwADEANAAgAC0AIAB1AG4AZABlAHIAcwB0AGEAbgBkAGkAbgBnACAAcQB1AGEAbgB0AGkAZgBpAGUAZAAtAHMAZQBsAGYAZQByAHMAJwAgAHAAcgBhAGMAdABpAGMAZQBzACAAaQBuACAAYwBvAGwAbABlAGMAdABpAG4AZwAgAGEAbgBkACAAZQB4AHAAbABvAHIAaQBuAGcAIABwAGUAcgBzAG8AbgBhAGwAIABkAGEAdABhAC4AcABkAGYADwAaAAwATQBhAGMAaQBuAHQAbwBzAGgAIABIAEQAEgCZVXNlcnMvaGFyaXN1bmRhcmFtL0Ryb3Bib3gvV29yay9QYXBlcnMgdG8gUmVhZC9bcF0gY2hvZSwgMjAxNCAtIHVuZGVyc3RhbmRpbmcgcXVhbnRpZmllZC1zZWxmZXJzJyBwcmFjdGljZXMgaW4gY29sbGVjdGluZyBhbmQgZXhwbG9yaW5nIHBlcnNvbmFsIGRhdGEucGRmAAATAAEvAAAVAAIAE///AACABtIbHB0eWiRjbGFzc25hbWVYJGNsYXNzZXNdTlNNdXRhYmxlRGF0YaMdHyBWTlNEYXRhWE5TT2JqZWN00hscIiNcTlNEaWN0aW9uYXJ5oiIgXxAPTlNLZXllZEFyY2hpdmVy0SYnVHJvb3SAAQAIABEAGgAjAC0AMgA3AEAARgBNAFUAYABnAGoAbABuAHEAcwB1AHcAhACOASYBKwEzBBkEGwQgBCsENARCBEYETQRWBFsEaARrBH0EgASFAAAAAAAAAgEAAAAAAAAAKAAAAAAAAAAAAAAAAAAABIc=},
	Bdsk-Url-1 = {http://doi.acm.org/10.1145/2556288.2557372},
	Bdsk-Url-2 = {https://doi.org/10.1145/2556288.2557372}}

@inproceedings{Epstein2014,
	Acmid = {2598558},
	Address = {New York, NY, USA},
	Author = {Epstein, Daniel and Cordeiro, Felicia and Bales, Elizabeth and Fogarty, James and Munson, Sean},
	Booktitle = {Proceedings of the 2014 Conference on Designing Interactive Systems},
	Date-Added = {2018-04-19 15:30:27 +0000},
	Date-Modified = {2018-04-19 15:30:27 +0000},
	Doi = {10.1145/2598510.2598558},
	Isbn = {978-1-4503-2902-6},
	Keywords = {lifelogs, personal informatics, physical activity sensing, reflection, routines, self-monitoring, self-tracking},
	Location = {Vancouver, BC, Canada},
	Numpages = {10},
	Pages = {667--676},
	Publisher = {ACM},
	Series = {DIS '14},
	Title = {Taming Data Complexity in Lifelogs: Exploring Visual Cuts of Personal Informatics Data},
	Url = {http://doi.acm.org/10.1145/2598510.2598558},
	Year = {2014},
	Bdsk-File-1 = {YnBsaXN0MDDUAQIDBAUGJCVYJHZlcnNpb25YJG9iamVjdHNZJGFyY2hpdmVyVCR0b3ASAAGGoKgHCBMUFRYaIVUkbnVsbNMJCgsMDxJXTlMua2V5c1pOUy5vYmplY3RzViRjbGFzc6INDoACgAOiEBGABIAFgAdccmVsYXRpdmVQYXRoWWFsaWFzRGF0YV8QmC4uLy4uLy4uLy4uLy4uL0Ryb3Bib3gvV29yay9QYXBlcnMgdG8gUmVhZC9bcF0gZXBzdGVpbiwgMjAxNCAtIHRhbWluZyBkYXRhIGNvbXBsZXhpdHkgaW4gbGlmZWxvZ3MgZXhwbG9yaW5nIHZpc3VhbCBjdXRzIG9mIHBlcnNvbmFsIGluZm9ybWF0aWNzIGRhdGEucGRm0hcLGBlXTlMuZGF0YU8RAuoAAAAAAuoAAgAADE1hY2ludG9zaCBIRAAAAAAAAAAAAAAAAAAAAM+TcutIKwAAAAzQCx9bcF0gZXBzdGVpbiwgMjAxNCAtIzNCMTc1RTMucGRmAAAAAAAAAAAAAAAAAAAAAAAAAAAAAAAAAAAAAAAAAAADsXXj1v4elwAAAAAAAAAAAAUABAAACSAAAAAAAAAAAAAAAAAAAAAOUGFwZXJzIHRvIFJlYWQAEAAIAADPk7k7AAAAEQAIAADW/mTnAAAAAQAUAAzQCwAMz+sADM6mAAxIswACZyUAAgBgTWFjaW50b3NoIEhEOlVzZXJzOgBoYXJpc3VuZGFyYW06AERyb3Bib3g6AFdvcms6AFBhcGVycyB0byBSZWFkOgBbcF0gZXBzdGVpbiwgMjAxNCAtIzNCMTc1RTMucGRmAA4A3ABtAFsAcABdACAAZQBwAHMAdABlAGkAbgAsACAAMgAwADEANAAgAC0AIAB0AGEAbQBpAG4AZwAgAGQAYQB0AGEAIABjAG8AbQBwAGwAZQB4AGkAdAB5ACAAaQBuACAAbABpAGYAZQBsAG8AZwBzACAAZQB4AHAAbABvAHIAaQBuAGcAIAB2AGkAcwB1AGEAbAAgAGMAdQB0AHMAIABvAGYAIABwAGUAcgBzAG8AbgBhAGwAIABpAG4AZgBvAHIAbQBhAHQAaQBjAHMAIABkAGEAdABhAC4AcABkAGYADwAaAAwATQBhAGMAaQBuAHQAbwBzAGgAIABIAEQAEgCcVXNlcnMvaGFyaXN1bmRhcmFtL0Ryb3Bib3gvV29yay9QYXBlcnMgdG8gUmVhZC9bcF0gZXBzdGVpbiwgMjAxNCAtIHRhbWluZyBkYXRhIGNvbXBsZXhpdHkgaW4gbGlmZWxvZ3MgZXhwbG9yaW5nIHZpc3VhbCBjdXRzIG9mIHBlcnNvbmFsIGluZm9ybWF0aWNzIGRhdGEucGRmABMAAS8AABUAAgAT//8AAIAG0hscHR5aJGNsYXNzbmFtZVgkY2xhc3Nlc11OU011dGFibGVEYXRhox0fIFZOU0RhdGFYTlNPYmplY3TSGxwiI1xOU0RpY3Rpb25hcnmiIiBfEA9OU0tleWVkQXJjaGl2ZXLRJidUcm9vdIABAAgAEQAaACMALQAyADcAQABGAE0AVQBgAGcAagBsAG4AcQBzAHUAdwCEAI4BKQEuATYEJAQmBCsENgQ/BE0EUQRYBGEEZgRzBHYEiASLBJAAAAAAAAACAQAAAAAAAAAoAAAAAAAAAAAAAAAAAAAEkg==},
	Bdsk-Url-1 = {http://doi.acm.org/10.1145/2598510.2598558},
	Bdsk-Url-2 = {https://doi.org/10.1145/2598510.2598558}}

@inproceedings{Fogg2009,
	Acmid = {1541999},
	Address = {New York, NY, USA},
	Articleno = {40},
	Author = {Fogg, BJ},
	Booktitle = {Proceedings of the 4th International Conference on Persuasive Technology},
	Date-Added = {2018-04-19 15:30:27 +0000},
	Date-Modified = {2018-04-19 15:30:27 +0000},
	Doi = {10.1145/1541948.1541999},
	Isbn = {978-1-60558-376-1},
	Keywords = {behavior change, captology, motivation, persuasion, persuasive design, persuasive technology, simplicity, triggers},
	Location = {Claremont, California, USA},
	Numpages = {7},
	Pages = {40:1--40:7},
	Publisher = {ACM},
	Series = {Persuasive '09},
	Title = {A Behavior Model for Persuasive Design},
	Url = {http://doi.acm.org/10.1145/1541948.1541999},
	Year = {2009},
	Bdsk-File-1 = {YnBsaXN0MDDUAQIDBAUGJCVYJHZlcnNpb25YJG9iamVjdHNZJGFyY2hpdmVyVCR0b3ASAAGGoKgHCBMUFRYaIVUkbnVsbNMJCgsMDxJXTlMua2V5c1pOUy5vYmplY3RzViRjbGFzc6INDoACgAOiEBGABIAFgAdccmVsYXRpdmVQYXRoWWFsaWFzRGF0YV8QZi4uLy4uLy4uLy4uLy4uL0Ryb3Bib3gvV29yay9QYXBlcnMgdG8gUmVhZC9bcF0gZm9nZywgMjAwOSAtIGEgYmVoYXZpb3IgbW9kZWwgZm9yIHBlcnN1YXNpdmUgZGVzaWduLnBkZtIXCxgZV05TLmRhdGFPEQJUAAAAAAJUAAIAAAxNYWNpbnRvc2ggSEQAAAAAAAAAAAAAAAAAAADPk3LrSCsAAAAM0AsfW3BdIGZvZ2csIDIwMDkgLSBhICMzQjE3RDI0LnBkZgAAAAAAAAAAAAAAAAAAAAAAAAAAAAAAAAAAAAAAAAAAA7F9JNb+H/cAAAAAAAAAAAAFAAQAAAkgAAAAAAAAAAAAAAAAAAAADlBhcGVycyB0byBSZWFkABAACAAAz5O5OwAAABEACAAA1v5mRwAAAAEAFAAM0AsADM/rAAzOpgAMSLMAAmclAAIAYE1hY2ludG9zaCBIRDpVc2VyczoAaGFyaXN1bmRhcmFtOgBEcm9wYm94OgBXb3JrOgBQYXBlcnMgdG8gUmVhZDoAW3BdIGZvZ2csIDIwMDkgLSBhICMzQjE3RDI0LnBkZgAOAHgAOwBbAHAAXQAgAGYAbwBnAGcALAAgADIAMAAwADkAIAAtACAAYQAgAGIAZQBoAGEAdgBpAG8AcgAgAG0AbwBkAGUAbAAgAGYAbwByACAAcABlAHIAcwB1AGEAcwBpAHYAZQAgAGQAZQBzAGkAZwBuAC4AcABkAGYADwAaAAwATQBhAGMAaQBuAHQAbwBzAGgAIABIAEQAEgBqVXNlcnMvaGFyaXN1bmRhcmFtL0Ryb3Bib3gvV29yay9QYXBlcnMgdG8gUmVhZC9bcF0gZm9nZywgMjAwOSAtIGEgYmVoYXZpb3IgbW9kZWwgZm9yIHBlcnN1YXNpdmUgZGVzaWduLnBkZgATAAEvAAAVAAIAE///AACABtIbHB0eWiRjbGFzc25hbWVYJGNsYXNzZXNdTlNNdXRhYmxlRGF0YaMdHyBWTlNEYXRhWE5TT2JqZWN00hscIiNcTlNEaWN0aW9uYXJ5oiIgXxAPTlNLZXllZEFyY2hpdmVy0SYnVHJvb3SAAQAIABEAGgAjAC0AMgA3AEAARgBNAFUAYABnAGoAbABuAHEAcwB1AHcAhACOAPcA/AEEA1wDXgNjA24DdwOFA4kDkAOZA54DqwOuA8ADwwPIAAAAAAAAAgEAAAAAAAAAKAAAAAAAAAAAAAAAAAAAA8o=},
	Bdsk-Url-1 = {http://doi.acm.org/10.1145/1541948.1541999},
	Bdsk-Url-2 = {https://doi.org/10.1145/1541948.1541999}}

@article{Janssen2016,
	Abstract = {<p>In traditional public good experiments participants receive an endowment from the experimenter that can be invested in a public good or kept in a private account. In this paper we present an experimental environment where participants can invest time during five days to contribute to a public good. Participants can make contributions to a linear public good by logging into a web application and performing virtual actions. We compared four treatments, with different group sizes and information of (relative) performance of other groups. We find that information feedback about performance of other groups has a small positive effect if we control for various attributes of the groups. Moreover, we find a significant effect of the contributions of others in the group in the previous day on the number of points earned in the current day. Our results confirm that people participate more when participants in their group participate more, and are influenced by information about the relative performance of other groups.</p>},
	Author = {Janssen, Marco A. AND Lee, Allen AND Sundaram, Hari},
	Date-Added = {2018-04-19 15:30:14 +0000},
	Date-Modified = {2018-04-19 15:30:14 +0000},
	Doi = {10.1371/journal.pone.0159537},
	Journal = {PLoS ONE},
	Month = {07},
	Number = {7},
	Pages = {1-16},
	Publisher = {Public Library of Science},
	Title = {Stimulating Contributions to Public Goods through Information Feedback: Some Experimental Results},
	Url = {http://dx.doi.org/10.1371%2Fjournal.pone.0159537},
	Volume = {11},
	Year = {2016},
	Bdsk-File-1 = {YnBsaXN0MDDUAQIDBAUGJCVYJHZlcnNpb25YJG9iamVjdHNZJGFyY2hpdmVyVCR0b3ASAAGGoKgHCBMUFRYaIVUkbnVsbNMJCgsMDxJXTlMua2V5c1pOUy5vYmplY3RzViRjbGFzc6INDoACgAOiEBGABIAFgAdccmVsYXRpdmVQYXRoWWFsaWFzRGF0YV8Qoy4uLy4uLy4uLy4uLy4uL0Ryb3Bib3gvV29yay9QYXBlcnMgdG8gUmVhZC9bcF0gamFuc3NlbiwgMjAxNiAtIHN0aW11bGF0aW5nIGNvbnRyaWJ1dGlvbnMgdG8gcHVibGljIGdvb2RzIHRocm91Z2ggaW5mb3JtYXRpb24gZmVlZGJhY2sgc29tZSBleHBlcmltZW50YWwgcmVzdWx0cy5wZGbSFwsYGVdOUy5kYXRhTxEDDAAAAAADDAACAAAMTWFjaW50b3NoIEhEAAAAAAAAAAAAAAAAAAAAz5Ny60grAAAADNALH1twXSBqYW5zc2VuLCAyMDE2IC0jMjA1Rjg3RC5wZGYAAAAAAAAAAAAAAAAAAAAAAAAAAAAAAAAAAAAAAAAAAAIF+H3UBxJpAAAAAAAAAAAABQAEAAAJIAAAAAAAAAAAAAAAAAAAAA5QYXBlcnMgdG8gUmVhZAAQAAgAAM+TuTsAAAARAAgAANQHWLkAAAABABQADNALAAzP6wAMzqYADEizAAJnJQACAGBNYWNpbnRvc2ggSEQ6VXNlcnM6AGhhcmlzdW5kYXJhbToARHJvcGJveDoAV29yazoAUGFwZXJzIHRvIFJlYWQ6AFtwXSBqYW5zc2VuLCAyMDE2IC0jMjA1Rjg3RC5wZGYADgDyAHgAWwBwAF0AIABqAGEAbgBzAHMAZQBuACwAIAAyADAAMQA2ACAALQAgAHMAdABpAG0AdQBsAGEAdABpAG4AZwAgAGMAbwBuAHQAcgBpAGIAdQB0AGkAbwBuAHMAIAB0AG8AIABwAHUAYgBsAGkAYwAgAGcAbwBvAGQAcwAgAHQAaAByAG8AdQBnAGgAIABpAG4AZgBvAHIAbQBhAHQAaQBvAG4AIABmAGUAZQBkAGIAYQBjAGsAIABzAG8AbQBlACAAZQB4AHAAZQByAGkAbQBlAG4AdABhAGwAIAByAGUAcwB1AGwAdABzAC4AcABkAGYADwAaAAwATQBhAGMAaQBuAHQAbwBzAGgAIABIAEQAEgCnVXNlcnMvaGFyaXN1bmRhcmFtL0Ryb3Bib3gvV29yay9QYXBlcnMgdG8gUmVhZC9bcF0gamFuc3NlbiwgMjAxNiAtIHN0aW11bGF0aW5nIGNvbnRyaWJ1dGlvbnMgdG8gcHVibGljIGdvb2RzIHRocm91Z2ggaW5mb3JtYXRpb24gZmVlZGJhY2sgc29tZSBleHBlcmltZW50YWwgcmVzdWx0cy5wZGYAABMAAS8AABUAAgAT//8AAIAG0hscHR5aJGNsYXNzbmFtZVgkY2xhc3Nlc11OU011dGFibGVEYXRhox0fIFZOU0RhdGFYTlNPYmplY3TSGxwiI1xOU0RpY3Rpb25hcnmiIiBfEA9OU0tleWVkQXJjaGl2ZXLRJidUcm9vdIABAAgAEQAaACMALQAyADcAQABGAE0AVQBgAGcAagBsAG4AcQBzAHUAdwCEAI4BNAE5AUEEUQRTBFgEYwRsBHoEfgSFBI4EkwSgBKMEtQS4BL0AAAAAAAACAQAAAAAAAAAoAAAAAAAAAAAAAAAAAAAEvw==},
	Bdsk-Url-1 = {http://dx.doi.org/10.1371%2Fjournal.pone.0159537},
	Bdsk-Url-2 = {http://dx.doi.org/10.1371/journal.pone.0159537}}

@book{Kruschke2014,
	Author = {Kruschke, John},
	Date-Added = {2018-04-13 16:11:11 +0000},
	Date-Modified = {2018-04-13 16:11:11 +0000},
	Publisher = {Academic Press},
	Title = {Doing Bayesian data analysis: A tutorial with R, JAGS, and Stan},
	Year = {2014}}

@article{Salvatier2016,
	Abstract = {
            Probabilistic programming allows for automatic Bayesian inference on user-defined probabilistic models. Recent advances in Markov chain Monte Carlo (MCMC) sampling allow inference on increasingly complex models. This class of MCMC, known as Hamiltonian Monte Carlo, requires gradient information which is often not readily available. PyMC3 is a new open source probabilistic programming framework written in Python that uses Theano to compute gradients via automatic differentiation as well as compile probabilistic programs on-the-fly to C for increased speed. Contrary to other probabilistic programming languages, PyMC3 allows model specification directly in Python code. The lack of a domain specific language allows for great flexibility and direct interaction with the model. This paper is a tutorial-style introduction to this software package.
         },
	Author = {Salvatier, John and Wiecki, Thomas V. and Fonnesbeck, Christopher},
	Date-Added = {2018-04-12 20:39:53 +0000},
	Date-Modified = {2018-04-12 20:39:53 +0000},
	Doi = {10.7717/peerj-cs.55},
	Issn = {2376-5992},
	Journal = {PeerJ Computer Science},
	Keywords = {project:iot, Bayesian statistic, Probabilistic Programming, Python, Markov chain Monte Carlo, Statistical modeling},
	Month = apr,
	Pages = {e55},
	Title = {Probabilistic programming in Python using PyMC3},
	Url = {https://doi.org/10.7717/peerj-cs.55},
	Volume = 2,
	Year = 2016,
	Bdsk-File-1 = {YnBsaXN0MDDUAQIDBAUGJCVYJHZlcnNpb25YJG9iamVjdHNZJGFyY2hpdmVyVCR0b3ASAAGGoKgHCBMUFRYaIVUkbnVsbNMJCgsMDxJXTlMua2V5c1pOUy5vYmplY3RzViRjbGFzc6INDoACgAOiEBGABIAFgAdccmVsYXRpdmVQYXRoWWFsaWFzRGF0YV8QdC4uLy4uLy4uLy4uLy4uL0Ryb3Bib3gvV29yay9QYXBlcnMgdG8gUmVhZC9bcF0gc2FsdmF0aWVyLCAyMDE2IC0gcHJvYmFiaWxpc3RpYyBwcm9ncmFtbWluZyBpbiBweXRob24gdXNpbmcgcHltYzMucGRm0hcLGBlXTlMuZGF0YU8RAn4AAAAAAn4AAgAADE1hY2ludG9zaCBIRAAAAAAAAAAAAAAAAAAAAM+TcutIKwAAAAzQCx9bcF0gc2FsdmF0aWVyLCAyMDE2IzI0NzY3QzEucGRmAAAAAAAAAAAAAAAAAAAAAAAAAAAAAAAAAAAAAAAAAAACR2fB1E4DyAAAAAAAAAAAAAUABAAACSAAAAAAAAAAAAAAAAAAAAAOUGFwZXJzIHRvIFJlYWQAEAAIAADPk7k7AAAAEQAIAADUTlgoAAAAAQAUAAzQCwAMz+sADM6mAAxIswACZyUAAgBgTWFjaW50b3NoIEhEOlVzZXJzOgBoYXJpc3VuZGFyYW06AERyb3Bib3g6AFdvcms6AFBhcGVycyB0byBSZWFkOgBbcF0gc2FsdmF0aWVyLCAyMDE2IzI0NzY3QzEucGRmAA4AlABJAFsAcABdACAAcwBhAGwAdgBhAHQAaQBlAHIALAAgADIAMAAxADYAIAAtACAAcAByAG8AYgBhAGIAaQBsAGkAcwB0AGkAYwAgAHAAcgBvAGcAcgBhAG0AbQBpAG4AZwAgAGkAbgAgAHAAeQB0AGgAbwBuACAAdQBzAGkAbgBnACAAcAB5AG0AYwAzAC4AcABkAGYADwAaAAwATQBhAGMAaQBuAHQAbwBzAGgAIABIAEQAEgB4VXNlcnMvaGFyaXN1bmRhcmFtL0Ryb3Bib3gvV29yay9QYXBlcnMgdG8gUmVhZC9bcF0gc2FsdmF0aWVyLCAyMDE2IC0gcHJvYmFiaWxpc3RpYyBwcm9ncmFtbWluZyBpbiBweXRob24gdXNpbmcgcHltYzMucGRmABMAAS8AABUAAgAT//8AAIAG0hscHR5aJGNsYXNzbmFtZVgkY2xhc3Nlc11OU011dGFibGVEYXRhox0fIFZOU0RhdGFYTlNPYmplY3TSGxwiI1xOU0RpY3Rpb25hcnmiIiBfEA9OU0tleWVkQXJjaGl2ZXLRJidUcm9vdIABAAgAEQAaACMALQAyADcAQABGAE0AVQBgAGcAagBsAG4AcQBzAHUAdwCEAI4BBQEKARIDlAOWA5sDpgOvA70DwQPIA9ED1gPjA+YD+AP7BAAAAAAAAAACAQAAAAAAAAAoAAAAAAAAAAAAAAAAAAAEAg==},
	Bdsk-Url-1 = {https://doi.org/10.7717/peerj-cs.55},
	Bdsk-Url-2 = {http://dx.doi.org/10.7717/peerj-cs.55}}

@article{Kruschke2010,
	Author = {Kruschke, John K.},
	Date-Added = {2018-04-12 16:10:55 +0000},
	Date-Modified = {2018-04-12 16:10:55 +0000},
	Doi = {10.1002/wcs.72},
	Issn = {1939-5086},
	Journal = {Wiley Interdisciplinary Reviews: Cognitive Science},
	Keywords = {Bayesian Statistics},
	Number = {5},
	Pages = {658--676},
	Publisher = {John Wiley & Sons, Inc.},
	Title = {Bayesian data analysis},
	Url = {http://dx.doi.org/10.1002/wcs.72},
	Volume = {1},
	Year = {2010},
	Bdsk-File-1 = {YnBsaXN0MDDUAQIDBAUGJCVYJHZlcnNpb25YJG9iamVjdHNZJGFyY2hpdmVyVCR0b3ASAAGGoKgHCBMUFRYaIVUkbnVsbNMJCgsMDxJXTlMua2V5c1pOUy5vYmplY3RzViRjbGFzc6INDoACgAOiEBGABIAFgAdccmVsYXRpdmVQYXRoWWFsaWFzRGF0YV8QWi4uLy4uLy4uLy4uLy4uL0Ryb3Bib3gvV29yay9QYXBlcnMgdG8gUmVhZC9bcF0ga3J1c2Noa2UsIDIwMTAgLSBiYXllc2lhbiBkYXRhIGFuYWx5c2lzLnBkZtIXCxgZV05TLmRhdGFPEQIwAAAAAAIwAAIAAAxNYWNpbnRvc2ggSEQAAAAAAAAAAAAAAAAAAADPk3LrSCsAAAAM0AsfW3BdIGtydXNjaGtlLCAyMDEwICMyODAxRDJFLnBkZgAAAAAAAAAAAAAAAAAAAAAAAAAAAAAAAAAAAAAAAAAAAoAdLtTc/I8AAAAAAAAAAAAFAAQAAAkgAAAAAAAAAAAAAAAAAAAADlBhcGVycyB0byBSZWFkABAACAAAz5O5OwAAABEACAAA1N1Q7wAAAAEAFAAM0AsADM/rAAzOpgAMSLMAAmclAAIAYE1hY2ludG9zaCBIRDpVc2VyczoAaGFyaXN1bmRhcmFtOgBEcm9wYm94OgBXb3JrOgBQYXBlcnMgdG8gUmVhZDoAW3BdIGtydXNjaGtlLCAyMDEwICMyODAxRDJFLnBkZgAOAGAALwBbAHAAXQAgAGsAcgB1AHMAYwBoAGsAZQAsACAAMgAwADEAMAAgAC0AIABiAGEAeQBlAHMAaQBhAG4AIABkAGEAdABhACAAYQBuAGEAbAB5AHMAaQBzAC4AcABkAGYADwAaAAwATQBhAGMAaQBuAHQAbwBzAGgAIABIAEQAEgBeVXNlcnMvaGFyaXN1bmRhcmFtL0Ryb3Bib3gvV29yay9QYXBlcnMgdG8gUmVhZC9bcF0ga3J1c2Noa2UsIDIwMTAgLSBiYXllc2lhbiBkYXRhIGFuYWx5c2lzLnBkZgATAAEvAAAVAAIAE///AACABtIbHB0eWiRjbGFzc25hbWVYJGNsYXNzZXNdTlNNdXRhYmxlRGF0YaMdHyBWTlNEYXRhWE5TT2JqZWN00hscIiNcTlNEaWN0aW9uYXJ5oiIgXxAPTlNLZXllZEFyY2hpdmVy0SYnVHJvb3SAAQAIABEAGgAjAC0AMgA3AEAARgBNAFUAYABnAGoAbABuAHEAcwB1AHcAhACOAOsA8AD4AywDLgMzAz4DRwNVA1kDYANpA24DewN+A5ADkwOYAAAAAAAAAgEAAAAAAAAAKAAAAAAAAAAAAAAAAAAAA5o=},
	Bdsk-Url-1 = {http://dx.doi.org/10.1002/wcs.72}}

@article{Hoekstra2014,
	Author = {Hoekstra, Rink and Morey, Richard D and Rouder, Jeffrey N and Wagenmakers, Eric-Jan},
	Date-Added = {2018-04-12 16:10:41 +0000},
	Date-Modified = {2018-04-12 16:10:41 +0000},
	Journal = {Psychonomic bulletin \& review},
	Number = {5},
	Pages = {1157--1164},
	Publisher = {Springer},
	Title = {Robust misinterpretation of confidence intervals},
	Volume = {21},
	Year = {2014},
	Bdsk-File-1 = {YnBsaXN0MDDUAQIDBAUGJCVYJHZlcnNpb25YJG9iamVjdHNZJGFyY2hpdmVyVCR0b3ASAAGGoKgHCBMUFRYaIVUkbnVsbNMJCgsMDxJXTlMua2V5c1pOUy5vYmplY3RzViRjbGFzc6INDoACgAOiEBGABIAFgAdccmVsYXRpdmVQYXRoWWFsaWFzRGF0YV8QdC4uLy4uLy4uLy4uLy4uL0Ryb3Bib3gvV29yay9QYXBlcnMgdG8gUmVhZC9bcF0gaG9la3N0cmEsIDIwMTQgLSByb2J1c3QgbWlzaW50ZXJwcmV0YXRpb24gb2YgY29uZmlkZW5jZSBpbnRlcnZhbHMucGRm0hcLGBlXTlMuZGF0YU8RAn4AAAAAAn4AAgAADE1hY2ludG9zaCBIRAAAAAAAAAAAAAAAAAAAAM+TcutIKwAAAAzQCx9bcF0gaG9la3N0cmEsIDIwMTQgIzI4MDFCNUIucGRmAAAAAAAAAAAAAAAAAAAAAAAAAAAAAAAAAAAAAAAAAAACgBtb1Nz2WgAAAAAAAAAAAAUABAAACSAAAAAAAAAAAAAAAAAAAAAOUGFwZXJzIHRvIFJlYWQAEAAIAADPk7k7AAAAEQAIAADU3Uq6AAAAAQAUAAzQCwAMz+sADM6mAAxIswACZyUAAgBgTWFjaW50b3NoIEhEOlVzZXJzOgBoYXJpc3VuZGFyYW06AERyb3Bib3g6AFdvcms6AFBhcGVycyB0byBSZWFkOgBbcF0gaG9la3N0cmEsIDIwMTQgIzI4MDFCNUIucGRmAA4AlABJAFsAcABdACAAaABvAGUAawBzAHQAcgBhACwAIAAyADAAMQA0ACAALQAgAHIAbwBiAHUAcwB0ACAAbQBpAHMAaQBuAHQAZQByAHAAcgBlAHQAYQB0AGkAbwBuACAAbwBmACAAYwBvAG4AZgBpAGQAZQBuAGMAZQAgAGkAbgB0AGUAcgB2AGEAbABzAC4AcABkAGYADwAaAAwATQBhAGMAaQBuAHQAbwBzAGgAIABIAEQAEgB4VXNlcnMvaGFyaXN1bmRhcmFtL0Ryb3Bib3gvV29yay9QYXBlcnMgdG8gUmVhZC9bcF0gaG9la3N0cmEsIDIwMTQgLSByb2J1c3QgbWlzaW50ZXJwcmV0YXRpb24gb2YgY29uZmlkZW5jZSBpbnRlcnZhbHMucGRmABMAAS8AABUAAgAT//8AAIAG0hscHR5aJGNsYXNzbmFtZVgkY2xhc3Nlc11OU011dGFibGVEYXRhox0fIFZOU0RhdGFYTlNPYmplY3TSGxwiI1xOU0RpY3Rpb25hcnmiIiBfEA9OU0tleWVkQXJjaGl2ZXLRJidUcm9vdIABAAgAEQAaACMALQAyADcAQABGAE0AVQBgAGcAagBsAG4AcQBzAHUAdwCEAI4BBQEKARIDlAOWA5sDpgOvA70DwQPIA9ED1gPjA+YD+AP7BAAAAAAAAAACAQAAAAAAAAAoAAAAAAAAAAAAAAAAAAAEAg==}}

@inproceedings{Kay2016,
	Acmid = {2858465},
	Address = {New York, NY, USA},
	Author = {Kay, Matthew and Nelson, Gregory L. and Hekler, Eric B.},
	Booktitle = {Proceedings of the 2016 CHI Conference on Human Factors in Computing Systems},
	Date-Added = {2018-04-12 16:07:14 +0000},
	Date-Modified = {2018-04-12 16:07:14 +0000},
	Doi = {10.1145/2858036.2858465},
	Isbn = {978-1-4503-3362-7},
	Keywords = {bayesian statistics, effect size, estimation, meta-analysis, replication, small stud-ies, HCIQual, 2017},
	Location = {Santa Clara, California, USA},
	Numpages = {12},
	Pages = {4521--4532},
	Publisher = {ACM},
	Series = {CHI '16},
	Title = {Researcher-Centered Design of Statistics: Why Bayesian Statistics Better Fit the Culture and Incentives of HCI},
	Url = {http://doi.acm.org/10.1145/2858036.2858465},
	Year = {2016},
	Bdsk-File-1 = {YnBsaXN0MDDUAQIDBAUGJCVYJHZlcnNpb25YJG9iamVjdHNZJGFyY2hpdmVyVCR0b3ASAAGGoKgHCBMUFRYaIVUkbnVsbNMJCgsMDxJXTlMua2V5c1pOUy5vYmplY3RzViRjbGFzc6INDoACgAOiEBGABIAFgAdccmVsYXRpdmVQYXRoWWFsaWFzRGF0YV8QrC4uLy4uLy4uLy4uLy4uL0Ryb3Bib3gvV29yay9QYXBlcnMgdG8gUmVhZC9bcF0ga2F5LCAyMDE2IC0gcmVzZWFyY2hlci1jZW50ZXJlZCBkZXNpZ24gb2Ygc3RhdGlzdGljcyB3aHkgYmF5ZXNpYW4gc3RhdGlzdGljcyBiZXR0ZXIgZml0IHRoZSBjdWx0dXJlIGFuZCBpbmNlbnRpdmVzIG9mIGhjaS5wZGbSFwsYGVdOUy5kYXRhTxEDJgAAAAADJgACAAAMTWFjaW50b3NoIEhEAAAAAAAAAAAAAAAAAAAAz5Ny60grAAAADNALH1twXSBrYXksIDIwMTYgLSByZXMjMjdGRDUzOS5wZGYAAAAAAAAAAAAAAAAAAAAAAAAAAAAAAAAAAAAAAAAAAAJ/1TnU3IpqAAAAAAAAAAAABQAEAAAJIAAAAAAAAAAAAAAAAAAAAA5QYXBlcnMgdG8gUmVhZAAQAAgAAM+TuTsAAAARAAgAANTc3soAAAABABQADNALAAzP6wAMzqYADEizAAJnJQACAGBNYWNpbnRvc2ggSEQ6VXNlcnM6AGhhcmlzdW5kYXJhbToARHJvcGJveDoAV29yazoAUGFwZXJzIHRvIFJlYWQ6AFtwXSBrYXksIDIwMTYgLSByZXMjMjdGRDUzOS5wZGYADgEEAIEAWwBwAF0AIABrAGEAeQAsACAAMgAwADEANgAgAC0AIAByAGUAcwBlAGEAcgBjAGgAZQByAC0AYwBlAG4AdABlAHIAZQBkACAAZABlAHMAaQBnAG4AIABvAGYAIABzAHQAYQB0AGkAcwB0AGkAYwBzACAAdwBoAHkAIABiAGEAeQBlAHMAaQBhAG4AIABzAHQAYQB0AGkAcwB0AGkAYwBzACAAYgBlAHQAdABlAHIAIABmAGkAdAAgAHQAaABlACAAYwB1AGwAdAB1AHIAZQAgAGEAbgBkACAAaQBuAGMAZQBuAHQAaQB2AGUAcwAgAG8AZgAgAGgAYwBpAC4AcABkAGYADwAaAAwATQBhAGMAaQBuAHQAbwBzAGgAIABIAEQAEgCwVXNlcnMvaGFyaXN1bmRhcmFtL0Ryb3Bib3gvV29yay9QYXBlcnMgdG8gUmVhZC9bcF0ga2F5LCAyMDE2IC0gcmVzZWFyY2hlci1jZW50ZXJlZCBkZXNpZ24gb2Ygc3RhdGlzdGljcyB3aHkgYmF5ZXNpYW4gc3RhdGlzdGljcyBiZXR0ZXIgZml0IHRoZSBjdWx0dXJlIGFuZCBpbmNlbnRpdmVzIG9mIGhjaS5wZGYAEwABLwAAFQACABP//wAAgAbSGxwdHlokY2xhc3NuYW1lWCRjbGFzc2VzXU5TTXV0YWJsZURhdGGjHR8gVk5TRGF0YVhOU09iamVjdNIbHCIjXE5TRGljdGlvbmFyeaIiIF8QD05TS2V5ZWRBcmNoaXZlctEmJ1Ryb290gAEACAARABoAIwAtADIANwBAAEYATQBVAGAAZwBqAGwAbgBxAHMAdQB3AIQAjgE9AUIBSgR0BHYEewSGBI8EnQShBKgEsQS2BMMExgTYBNsE4AAAAAAAAAIBAAAAAAAAACgAAAAAAAAAAAAAAAAAAATi},
	Bdsk-Url-1 = {http://doi.acm.org/10.1145/2858036.2858465},
	Bdsk-Url-2 = {http://dx.doi.org/10.1145/2858036.2858465}}
