@article{maheswaran1990influence,
 title={The influence of message framing and issue involvement},
 author={Maheswaran, Durairaj and Meyers-Levy, Joan},
 journal={Journal of Marketing research},
 pages={361--367},
 year={1990},
 publisher={JSTOR}
}
@inproceedings{BaumerKFAGPRNOG12,
 author    = {Eric P. S. Baumer and
  Sherri Jean Katz and
  Jill E. Freeman and
  Phil Adams and
  Amy L. Gonzales and
  John P. Pollak and
  Daniela Retelny and
  Jeff Niederdeppe and
  Christine M. Olson and
 Geri K. Gay},
 title     = {Prescriptive persuasion and open-ended social awareness: expanding
 the design space of mobile health},
 booktitle = {{CSCW} '12 Computer Supported Cooperative Work, Seattle, WA, USA,
 February 11-15, 2012},
 pages     = {475--484},
 year      = {2012},
 crossref  = {DBLP:conf/cscw/2012c},
 url       = {http://doi.acm.org/10.1145/2145204.2145279},
 doi       = {10.1145/2145204.2145279},
 timestamp = {Mon, 20 Feb 2012 18:27:49 +0100},
 biburl    = {https://dblp.org/rec/bib/conf/cscw/BaumerKFAGPRNOG12},
 bibsource = {dblp computer science bibliography, https://dblp.org}
}
@inproceedings{dey2017art,
 title={The Art and Science of Persuasion: Not All Crowdfunding Campaign Videos Are The Same},
 author={Dey, Sanorita and Duff, Brittany and Karahalios, Karrie and Fu, Wai-Tat},
 booktitle={Proceedings of the 2017 ACM Conference on Computer Supported Cooperative Work and Social Computing},
 pages={755--769},
 year={2017},
 organization={ACM}
}

@inproceedings{LeeKF11,
 author    = {Min Kyung Lee and
  Sara B. Kiesler and
 Jodi Forlizzi},
 title     = {Mining behavioral economics to design persuasive technology for healthy
 choices},
 booktitle = {Proceedings of the International Conference on Human Factors in Computing
  Systems, {CHI} 2011, Vancouver, BC, Canada, May 7-12, 2011},
 pages     = {325--334},
 year      = {2011},
 crossref  = {DBLP:conf/chi/2011},
 url       = {http://doi.acm.org/10.1145/1978942.1978989},
 doi       = {10.1145/1978942.1978989},
 timestamp = {Wed, 11 May 2011 10:43:31 +0200},
 biburl    = {https://dblp.org/rec/bib/conf/chi/LeeKF11},
 bibsource = {dblp computer science bibliography, https://dblp.org}
}

@inproceedings{brown2006reflecting,
 title={Reflecting on health: a system for students to monitor diet and exercise},
 author={Brown, Brandon and Chetty, Marshini and Grimes, Andrea and Harmon, Ellie},
 booktitle={CHI'06 extended abstracts on Human factors in computing systems},
 pages={1807--1812},
 year={2006},
 organization={ACM}
}
@inproceedings{grimes2007designing,
 title={Designing persuasion: Health technology for low-income African American communities},
 author={Grimes, Andrea and Grinter, Rebecca E},
 booktitle={International Conference on Persuasive Technology},
 pages={24--35},
 year={2007},
 organization={Springer}
}
@article{goldstein2008room,
 title={A room with a viewpoint: Using social norms to motivate environmental conservation in hotels},
 author={Goldstein, Noah J and Cialdini, Robert B and Griskevicius, Vladas},
 journal={Journal of consumer Research},
 volume={35},
 number={3},
 pages={472--482},
 year={2008},
 publisher={Oxford University Pr
 ess}
}
@article{goehlert1980information,
 title={Information, persuasion and freedom: Implications of communications technology},
 author={Goehlert, Robert},
 journal={Information Processing \& Management},
 volume={16},
 number={2},
 pages={109--114},
 year={1980},
 publisher={Elsevier}
}
@inproceedings{chi2007enabling,
 title={Enabling nutrition-aware cooking in a smart kitchen},
 author={Chi, Pei-yu and Chen, Jen-hao and Chu, Hao-hua and Chen, Bing-Yu},
 booktitle={Conference on Human Factors in Computing Systems: CHI'07 extended abstracts on Human factors in computing systems},
 volume={28},
 pages={2333--2338},
 year={2007}
}
@inproceedings{arroyo2005waterbot,
 title={Waterbot: exploring feedback and persuasive techniques at the sink},
 author={Arroyo, Ernesto and Bonanni, Leonardo and Selker, Ted},
 booktitle={Proceedings of the SIGCHI conference on Human factors in computing systems},
 pages={631--639},
 year={2005},
 organization={ACM}
}
@inproceedings{liao2014expert,
 title={Expert voices in echo chambers: effects of source expertise indicators on exposure to diverse opinions},
 author={Liao, Q Vera and Fu, Wai-Tat},
 booktitle={Proceedings of the SIGCHI Conference on Human Factors in Computing Systems},
 pages={2745--2754},
 year={2014},
 organization={ACM}
}
@article{vaish2018s,
 title={What's in it for me? Self-serving versus other-oriented framing in messages advocating use of prosocial peer-to-peer services},
 author={Vaish, Rajan and Liao, Q Vera and Bellotti, Victoria},
 journal={International Journal of Human-Computer Studies},
 volume={109},
 pages={1--12},
 year={2018},
 publisher={Elsevier}
}
@inproceedings{schneider2016understanding,
 title={Understanding the mechanics of persuasive system design: a mixed-method theory-driven analysis of freeletics},
 author={Schneider, Hanna and Moser, Kilian and Butz, Andreas and Alt, Florian},
 booktitle={Proceedings of the 2016 CHI Conference on Human Factors in Computing Systems},
 pages={309--320},
 year={2016},
 organization={ACM}
}
@article{orji2014developing,
 title={Developing culturally relevant design guidelines for encouraging healthy eating behavior},
 author={Orji, Rita and Mandryk, Regan L},
 journal={International Journal of Human-Computer Studies},
 volume={72},
 number={2},
 pages={207--223},
 year={2014},
 publisher={Elsevier}
}

@inproceedings{nguyen2008designing,
 title={Designing persuasive dialogue systems: Using argumentation with care},
 author={Nguyen, Hien and Masthoff, Judith},
 booktitle={International Conference on Persuasive Technology},
 pages={201--212},
 year={2008},
 organization={Springer}
}
@inproceedings{KangT15,
 author    = {Yilin Kang and
  Ah{-}Hwee Tan},
 title     = {{MAP:} {A} Computational Model for Adaptive Persuasion},
 booktitle = {Proceedings of the 2015 International Conference on Autonomous Agents
  and Multiagent Systems, {AAMAS} 2015, Istanbul, Turkey, May 4-8, 2015},
 pages     = {1871--1872},
 year      = {2015},
 crossref  = {DBLP:conf/atal/2015},
 url       = {http://dl.acm.org/citation.cfm?id=2773479},
 timestamp = {Fri, 15 May 2015 17:42:53 +0200},
 biburl    = {https://dblp.org/rec/bib/conf/atal/KangT15},
 bibsource = {dblp computer science bibliography, https://dblp.org}
}
@article{huntertowards,
 title={Towards a framework for computational persuasion with applications in behaviour change},
 author={Hunter, Anthony},
 journal={Argument \& Computation},
 number={Preprint},
 pages={1--26},
 publisher={IOS Press}
}
@article{huang2007design,
 title={The design and evaluation of an intelligent sales agent for online persuasion and negotiation},
 author={Huang, Shiu-li and Lin, Fu-ren},
 journal={Electronic Commerce Research and Applications},
 volume={6},
 number={3},
 pages={285--296},
 year={2007},
 publisher={Elsevier}
}
@article{McDermottPB18,
 author    = {Jason E. McDermott and
  Matthew Partridge and
 Yana Bromberg},
 title     = {Ten simple rules for drawing scientific comics},
 journal   = {PLoS Computational Biology},
 volume    = {14},
 number    = {1},
 year      = {2018},
 url       = {https://doi.org/10.1371/journal.pcbi.1005845},
 doi       = {10.1371/journal.pcbi.1005845},
 timestamp = {Tue, 20 Mar 2018 18:50:12 +0100},
 biburl    = {https://dblp.org/rec/bib/journals/ploscb/McDermottPB18},
 bibsource = {dblp computer science bibliography, https://dblp.org}
}
@book{cary2004going,
 title={Going graphic: Comics at work in the multilingual classroom},
 author={Cary, Stephen},
 year={2004},
 publisher={Heinemann Portsmouth, NH}
}
@book{scott1993understanding,
 title={Understanding comics},
 author={Scott McCloud},
 year={1993},
 publisher={William Morrow Paperbacks}
}
@article{weaver2017losing,
 title={Losing Thomas \& Ella: A Father's Story (A Research Comic)},
 author={Weaver-Hightower, Marcus B},
 journal={Journal of Medical Humanities},
 volume={38},
 number={3},
 pages={215--230},
 year={2017},
 publisher={Springer}
}
@inproceedings{matsubara2016emotional,
 title={Emotional arousal estimation while reading comics based on physiological signal analysis},
 author={Matsubara, Mizuki and Augereau, Olivier and Sanches, Charles Lima and Kise, Koichi},
 booktitle={Proceedings of the 1st International Workshop on coMics ANalysis, Processing and Understanding},
 pages={7},
 year={2016},
 organization={ACM}
}
@inproceedings{danescu2012you,
 title={You had me at hello: How phrasing affects memorability},
 author={Danescu-Niculescu-Mizil, Cristian and Cheng, Justin and Kleinberg, Jon and Lee, Lillian},
 booktitle={Proceedings of the 50th Annual Meeting of the Association for Computational Linguistics: Long Papers-Volume 1},
 pages={892--901},
 year={2012},
 organization={Association for Computational Linguistics}
}
@article{tversky1992advances,
 title={Advances in prospect theory: Cumulative representation of uncertainty},
 author={Tversky, Amos and Kahneman, Daniel},
 journal={Journal of Risk and uncertainty},
 volume={5},
 number={4},
 pages={297--323},
 year={1992},
 publisher={Springer}
}
@article{tversky1981framing,
 title={The framing of decisions and the psychology of choice},
 author={Tversky, Amos and Kahneman, Daniel},
 journal={Science},
 volume={211},
 number={4481},
 pages={453--458},
 year={1981},
 publisher={American Association for the Advancement of Science}
}
@article{kahneman1984choices,
 title={Choices, values, and frames.},
 author={Kahneman, Daniel and Tversky, Amos},
 journal={American psychologist},
 volume={39},
 number={4},
 pages={341},
 year={1984},
 publisher={American Psychological Association}
}
@article{smith1996message,
 title={Message framing and persuasion: A message processing analysis},
 author={Smith, Stephen M and Petty, Richard E},
 journal={Personality and Social Psychology Bulletin},
 volume={22},
 number={3},
 pages={257--268},
 year={1996},
 publisher={Sage Publications Sage CA: Thousand Oaks, CA}
}
@article{maheswaran1990influence,
 title={The influence of message framing and issue involvement},
 author={Maheswaran, Durairaj and Meyers-Levy, Joan},
 journal={Journal of Marketing research},
 pages={361--367},
 year={1990},
 publisher={JSTOR}
}
@article{grewal1994moderating,
 title={The moderating effects of message framing and source credibility on the price-perceived risk relationship},
 author={Grewal, Dhruv and Gotlieb, Jerry and Marmorstein, Howard},
 journal={Journal of consumer research},
 volume={21},
 number={1},
 pages={145--153},
 year={1994},
 publisher={The University of Chicago Press}
}
@inproceedings{selker2015sweetbuildinggreeter,
 title={SweetBuildingGreeter: A Demonstration of Persuasive Technology for Public Space},
 author={Selker, Ted and Yu, Shih-Yuan and Liang, Che-Wei and Hsu, Jane},
 booktitle={International Conference on Universal Access in Human-Computer Interaction},
 pages={475--486},
 year={2015},
 organization={Springer}
}
@phdthesis{lin2013impact,
 title={The impact of comics on audiences' knowledge of, attitude toward, and behavioral intentions related to wind energy},
 author={Lin, Xiao},
 year={2013},
 school={Iowa State University}
}
@book{mccloud2011making,
 title={Making comics},
 author={McCloud, Scott},
 year={2011},
 publisher={Harper Collins}
}
@inproceedings{haughney2008using,
 title={Using comics to communicate qualitative user research findings},
 author={Haughney, Evangeline},
 booktitle={CHI'08 Extended Abstracts on Human Factors in Computing Systems},
 pages={2209--2212},
 year={2008},
 organization={ACM}
}
@article{munroe2009xkcd,
  title={XKCD: A webcomic of romance, sarcasm, math, and language},
  author={Munroe, Randall},
  journal={Creative Commons Attribution-Noncommercial},
  volume={2},
  year={2009}
}
@misc{cmx.io, author={Comix I/O},title={Comix I/O}, url={http://cmx.io/}, journal={CMX.IO}}
@misc{canvasjs, title={Beautiful HTML5 JavaScript Charts}, url={https://canvasjs.com/}, journal={CanvasJS}}

@misc{rough.js, author= {Rough.js},title={Rough.js}, url={https://roughjs.com/}, journal={Rough.js}}

@article{schultz2007constructive,
  title={The constructive, destructive, and reconstructive power of social norms},
  author={Schultz, P Wesley and Nolan, Jessica M and Cialdini, Robert B and Goldstein, Noah J and Griskevicius, Vladas},
  journal={Psychological science},
  volume={18},
  number={5},
  pages={429--434},
  year={2007},
  publisher={SAGE Publications Sage CA: Los Angeles, CA}
}

@book{o1971art,
  title={The art of the comic strip},
  author={O'Sullivan, Judith},
  number={1},
  year={1971},
  publisher={University of Maryland Department of Art}
}

@article{daddis2008influence,
  title={Influence of close friends on the boundaries of adolescent personal authority},
  author={Daddis, Christopher},
  journal={Journal of Research on Adolescence},
  volume={18},
  number={1},
  pages={75--98},
  year={2008},
  publisher={Wiley Online Library}
}

@article{merga2014peer,
  title={Peer group and friend influences on the social acceptability of adolescent book reading},
  author={Merga, Margaret K},
  journal={Journal of adolescent \& adult literacy},
  volume={57},
  number={6},
  pages={472--482},
  year={2014},
  publisher={Wiley Online Library}
}

@article{shin2013user,
  title={User experience in social commerce: in friends we trust},
  author={Shin, Dong-Hee},
  journal={Behaviour \& information technology},
  volume={32},
  number={1},
  pages={52--67},
  year={2013},
  publisher={Taylor \& Francis}
}

@phdthesis{lin2013impact,
  title={The impact of comics on audiences' knowledge of, attitude toward, and behavioral intentions related to wind energy},
  author={Lin, Xiao},
  year={2013},
  school={Iowa State University}
}

@inproceedings{consolvo2008activity,
  title={Activity sensing in the wild: a field trial of ubifit garden},
  author={Consolvo, Sunny and McDonald, David W and Toscos, Tammy and Chen, Mike Y and Froehlich, Jon and Harrison, Beverly and Klasnja, Predrag and LaMarca, Anthony and LeGrand, Louis and Libby, Ryan and others},
  booktitle={Proceedings of the SIGCHI Conference on Human Factors in Computing Systems},
  pages={1797--1806},
  year={2008},
  organization={ACM}
}

@article{orne1962social,
  title={On the social psychology of the psychological experiment: With particular reference to demand characteristics and their implications.},
  author={Orne, Martin T},
  journal={American psychologist},
  volume={17},
  number={11},
  pages={776},
  year={1962},
  publisher={American Psychological Association}
}
@article{ford1991memorability,
  title={Memorability and persuasiveness of organ donation message strategies},
  author={Ford, Leigh Arden and Smith, Sandi W},
  journal={American Behavioral Scientist},
  volume={34},
  number={6},
  pages={695--711},
  year={1991},
  publisher={SAGE PUBLICATION Thousand Oaks}
}
